3175 4909
515 404 662 455 susurru
689 405 760 453 urs.
784 406 824 453 ιι.
847 406 931 454 (ιιι.
954 390 1007 455 10.
1248 390 1314 459 6811

213 552 333 612 potsunt.
352 545 437 596 Faber.
470 545 554 611 Buug.
571 554 598 596 et
618 546 685 596 bunc
705 560 745 596 se·
782 547 969 611 quitsiissuit,
985 560 1038 611 qua
1056 546 1188 611 scriptura
1206 546 1314 611 tegeba-
1391 558 1395 566 ’

213 630 291 673 cutus
302 624 429 672 Berneec.
447 621 531 670 edidit
547 624 699 685 easdam
714 630 744 672 ut
782 632 834 684 tur,
849 631 878 672 et
892 630 980 673 temen
998 639 1029 672 en
1047 624 1102 687 tegi
1122 623 1197 673 deins
1215 626 1314 674 debuit.

212 696 342 747 referetur
357 709 408 744 rex
423 695 588 757 turstenus,
602 696 634 744 de
650 696 743 760 quibua
782 699 852 750 Quid
865 700 946 761 igitur
956 700 999 748 bie
1010 715 1068 749 euru
1080 698 1175 748 dicitur
1185 700 1313 761 prodere?

211 772 377 836 predictum.
417 770 470 821 Sed
491 771 585 821 rectius
606 772 649 821 ed.
669 773 744 823 Juut.
782 773 861 822 Certe
874 774 943 822 velie
962 774 1012 823 boc
1029 772 1133 821 ridetur
1144 772 1312 835 potuissene-

211 855 242 897 ut
258 849 293 897 ei.
313 848 401 896 Graev.
422 852 543 903 testetur,
559 846 638 897 babet
653 848 743 895 mdest-
782 848 893 908 rem,sic
903 855 1025 897 recenter
1035 846 1177 909 inductum,
1194 846 1314 909 praebere

211 938 255 985 pse
261 938 272 980 ,·
290 928 318 969 ut
329 920 357 971 id
368 918 498 970 referetur
507 920 539 969 ad
551 921 558 945 ‘
571 920 675 971 omnia!
708 923 744 971 Et
781 923 942 973 occasionem
963 922 1122 986 suspicandi,
1145 922 1212 985 quod
1235 921 1312 971 videi.

212 996 397 1047 emendaverat
413 996 450 1045 sic
465 1010 498 1043 ex
516 995 744 1057 conjecturarum·
781 1012 834 1047 non
853 1000 936 1062 gretia
955 1000 993 1049 its
1014 999 1050 1047 sit
1071 998 1187 1047 inducte.
1228 998 1312 1048 Quam

210 1086 267 1121 mus
277 1072 393 1121 Gronov.
420 1071 489 1119 Sene
500 1084 551 1119 nou
563 1071 667 1121 tubeiise
679 1073 742 1135 ipsue
781 1088 836 1122 rem
853 1089 904 1138 que
918 1074 1058 1124 esittverit
1074 1081 1131 1123 erte
1146 1074 1313 1137 Dementes,

210 1146 329 1197 ‘deleri'
350 1152 423 1197 reete
446 1145 582 1208 dicentur3
619 1148 662 1196 sed
684 1162 742 1212 quae
781 1162 824 1211 ep.
837 1150 992 1199 Nostr.non
1008 1147 1163 1198 ostenditur.
1194 1147 1311 1211 Anergo

211 1223 309 1285 scriptu
327 1222 354 1271 in
376 1222 407 1271 iis
428 1229 496 1272 sunt.
536 1223 589 1272 Sed
615 1226 743 1288 quomedo
780 1225 857 1275 ebert
878 1225 984 1289 aliquid,
1005 1240 1066 1274 num
1092 1225 1178 1287 potius
1201 1226 1226 1273 in
1248 1238 1312 1274 voce

212 1298 370 1347 Demaratus
382 1310 424 1356 eu,
432 1312 490 1361 quie
501 1298 527 1347 in
540 1298 640 1347 tubeiiis
650 1300 742 1362 ligneis
780 1303 863 1360 tegm
872 1301 939 1350 ieret
950 1300 1039 1349 vitium
1058 1300 1179 1365 aliquod?
1212 1300 1311 1362 Dignus

209 1371 287 1436 inque
301 1372 358 1434 ipso
375 1371 440 1421 udeo
458 1372 528 1435 ligno
540 1373 744 1437 scripseratde·
769 1388 843 1424 sune
865 1376 938 1424 iocur
957 1381 1007 1436 est,
1030 1390 1106 1439 quem
1127 1375 1312 1439 ingeniosiuree

210 1447 490 1510 ievit?Superindncte
499 1462 561 1498 cern
571 1449 635 1499 iilud
646 1449 742 1501 iactum
780 1450 937 1499 examinent
954 1448 1036 1509 Scies.

210 1521 368 1573 Auctoreit.
404 1520 539 1584 Nimirum,
551 1537 608 1572 cum
623 1538 686 1573 cera
701 1538 744 1573 sn·
813 1528 869 1589 §1⁵
889 1527 1126 1589 Dbproeaebsires
1137 1526 1203 1591 suit]
1218 1528 1262 1576 Sic
1277 1527 1311 1577 de

210 1596 366 1659 perinducta
384 1594 444 1657 suit,
464 1596 522 1659 ipen
540 1597 669 1661 reriptura
689 1600 743 1662 legi
780 1602 1235 1652 rebactennsuuuinteiieetaetinm
1242 1602 1312 1653 (lcii.

209 1671 276 1721 bend
287 1672 388 1734 potuit;
406 1672 609 1737 tantundemque
618 1674 681 1723 iliud
691 1674 743 1724 init
780 1688 830 1725 xx.
842 1681 866 1724 6.
883 1675 970 1725 ‘Mihi
989 1690 1091 1741 quoque
1107 1685 1149 1725 est
1162 1678 1218 1741 jam
1228 1678 1311 1726 diuiu

212 1760 244 1795 nc
264 1746 286 1795 ai
305 1748 435 1809 scriptura
455 1746 544 1796 deiets
562 1747 663 1800 fuisset.
704 1750 742 1800 Ut
779 1751 1081 1813 perpetuaqueuione!
1098 1752 1201 1801 Grauios.

210 1822 437 1885 nutemteripturs
448 1824 499 1887 legi
515 1832 614 1887 posset,
625 1826 742 1889 tuperiu·
812 1825 826 1886 §
847 1828 878 1873 16
894 1824 969 1873 Soror
988 1826 1054 1886 regis
1070 1827 1194 1890 hesma]
1209 1827 1311 1877 Herod.

212 1898 318 1949 ductam
329 1912 414 1948 ceram
425 1912 533 1949 neeesse
544 1899 595 1950 fuit
606 1902 696 1951 eradi:
715 1902 741 1951 id
780 1911 829 1948 vu.
845 1898 890 1947 fin.
916 1906 958 1948 est
978 1914 1043 1948 uxor
1064 1900 1197 1961 leonidae,
1222 1901 1311 1963 rme,

212 1972 283 2037 quod
303 1974 370 2036 regis
383 1975 505 2025 Leonidae
522 1978 617 2025 sororis
635 1978 742 2026 consilio
779 1974 853 2036 cujus
863 1974 981 2024 meminit
991 1975 1310 2040 Pintiuripopmhcon.

209 2045 310 2097 factum
321 2047 476 2099 Jurtiuuset
486 2048 596 2098 eddidit.
617 2049 668 2100 lui.
680 2064 741 2101 ιιι.
779 2048 861 2110 Bone.

209 2126 235 2171 o.
247 2122 324 2171 eund.
334 2135 387 2171 rem
399 2124 522 2187 exprimit
532 2124 572 2174 his
583 2125 682 2174 uerbis:
694 2126 741 2175 ‘In
812 2124 827 2185 i
840 2127 871 2172 18
888 2123 1046 2187 Septingenta
1058 2123 1145 2190 mittin]
1161 2126 1272 2178 varient
1283 2128 1309 2178 in

209 2197 311 2247 tnbeiiis
330 2196 431 2259 ligneis,
451 2212 532 2248 vacue
552 2198 664 2263 desuper
681 2215 741 2251 cera
778 2210 885 2247 numero
907 2205 1035 2249 auctores.
1061 2200 1161 2251 Herod.
1184 2216 1235 2253 vn.
1254 2208 1310 2256 184.

209 2270 325 2333 inducte,
344 2271 445 2321 ciuibus
463 2272 515 2321 suia
531 2272 614 2322 omnir
632 2276 742 2337 perscri·
777 2273 855 2325 Diod.
866 2287 905 2325 xr.
924 2281 950 2325 5.
984 2275 1093 2326 quernt.
1110 2279 1222 2328 Pauatb.
1238 2280 1309 2330 Ptin.

209 2346 264 2397 hir:
297 2346 349 2396 Ubi
366 2360 462 2409 ceram,
481 2362 540 2411 qum
555 2348 742 2411 superinducit
777 2355 933 2399 xantum.
966 2352 1102 2403 Quomodo
1112 2360 1199 2403 autem
1210 2356 1310 2405 exerci-

209 2420 268 2485 fuir,
280 2437 389 2487 querque
400 2422 463 2471 nihii
477 2422 503 2472 in
514 2424 681 2488 rescriptum
698 2425 741 2475 bu·
777 2428 835 2473 tum
845 2426 946 2474 Xerxes
957 2425 1170 2493 dinumernyerit,
1185 2429 1236 2479 rid.
1254 2430 1310 2479 He-

208 2498 277 2559 bnit,
296 2504 325 2547 et
345 2496 489 2547 ‘vernam’
512 2504 596 2547 tecet.
633 2498 696 2547 Fuit
712 2507 741 2549 et
778 2500 836 2550 red.
847 2513 897 2550 vu.
907 2505 948 2548 titi.
960 2507 989 2549 et
999 2501 1070 2551 Piin.
1080 2516 1119 2551 ru.
1131 2507 1172 2551 11.
1187 2505 1309 2566 Bosgnrs.

209 2572 275 2623 niiut
290 2571 528 2635 pervematur
544 2570 674 2633 simus-irs
687 2590 740 2641 ruu-
778 2573 1035 2626 praeeuntes.
1070 2577 1309 2629 coceineum.

210 2648 266 2710 dus,
287 2656 317 2698 ut
336 2662 371 2698 ex
392 2647 446 2698 Jui.
467 2646 594 2697 Africano
609 2648 644 2697 Is.
663 2649 739 2701 Voss.
776 2652 818 2699 13.
852 2650 954 2699 Probus
964 2650 1089 2700 'l'neurist
1107 2653 1184 2702 Beris.

208 2722 302 2785 docet;
320 2732 350 2773 ut
366 2723 443 2771 videi.
455 2723 517 2771 etin
527 2724 599 2787 ligno
611 2731 638 2774 et
651 2740 740 2789 super·
810 2726 824 2787 §
837 2729 869 2773 19
883 2726 917 2772 Ut
927 2740 972 2773 rus
983 2725 1099 2774 immerita
1109 2726 1240 2789 proditum]
1255 2728 1309 2778 He-

207 2799 387 2849 induetscern
406 2799 581 2850 scriberetur:
598 2806 629 2849 ut
648 2815 690 2851 res
708 2816 740 2851 eo
778 2798 836 2849 rod.
858 2800 1015 2849 enumeratis
1038 2802 1130 2864 copiis,
1157 2802 1220 2851 ὅστε
1240 2803 1310 2854 ortis

209 2876 293 2925 minus
305 2884 430 2937 suspecte
441 2880 520 2923 esset.
542 2874 598 2923 Ver.
775 2874 816 2935 poi
826 2874 913 2939 triopa,
923 2876 1020 2939 inquit,
1030 2875 1173 2939 repleuerat
1188 2881 1309 2942 προδοῦναι

240 2952 255 3013 i
269 2955 299 3000 lt
314 2950 367 2999 Ant
378 2963 457 2998 recens
467 2964 520 2997 cern
530 2950 608 2998 11111111
616 2950 738 3013 proderet]
775 2952 807 2999 rb
815 2949 905 3015 ῥέεθρα,
915 2954 965 3001 &c
976 2952 1097 3013 Burgum.
1124 2952 1255 3004 Aristides
1264 2957 1323 3005 81)·Ι

208 3025 278 3077 Quid
295 3025 343 3073 sibi
358 3022 387 3072 ri
406 3022 529 3073 ‘recens'
546 3024 619 3086 sciit,
637 3038 688 3073 non
700 3024 739 3074 in·
776 3027 1209 3090 phistndespperetuXerxisitu:
1222 3030 1309 3080 ‘Telis

210 3099 308 3163 teiiigo,
324 3100 370 3149 sed
391 3099 442 3147 uid.
462 3098 562 3148 Herod.
581 3098 613 3147 nd
630 3098 674 3148 fin.
692 3099 738 3149 lib.
776 3102 949 3165 obtegebatur
963 3102 1021 3164 ipre
1035 3102 1089 3149 soi:
1107 3104 1308 3167 mercensibus,

211 3189 261 3226 vn.
285 3176 308 3225 si
328 3174 397 3225 sorte
419 3174 480 3224 inde
508 3188 598 3224 sensus
626 3174 739 3225 inveniri
776 3181 847 3225 terre
858 3176 939 3237 copiis
951 3173 1124 3238 pedestribus,
1141 3176 1187 3223 siit
1197 3180 1309 3244 sugitur,

211 3258 298 3317 quent.
332 3252 455 3301 Ceterum
474 3250 572 3299 Herod.
589 3250 656 3299 hsuc
671 3252 738 3300 Gor·
776 3249 1049 3299 redundationem.

208 3342 252 3391 ιο,
269 3328 391 3378 Leuuidte
408 3340 524 3387 uxorem,
540 3324 631 3389 fuisse,
647 3324 740 3375 ncfrn·
809 3324 922 3373 storin
949 3321 979 3371 ob
1000 3323 1109 3372 exercitu
1134 3323 1185 3382 ejus
1206 3325 1307 3391 ricmis]

207 3404 255 3454 tris
273 3404 328 3468 ejus
340 3403 485 3455 Cleomenis
501 3402 588 3453 tilium.
623 3401 739 3452 Clenrue·
776 3398 845 3447 Fuse
857 3412 888 3447 en
900 3398 933 3447 de
945 3410 974 3446 re
983 3396 1082 3447 Herod.
1092 3412 1142 3449 uu.
1153 3401 1199 3465 qui
1209 3403 1308 3467 prodit,

206 3494 251 3531 net
262 3481 373 3530 euimac
386 3478 512 3529 leonidas
532 3492 565 3527 ex
577 3477 739 3528 Auernudri-
760 3472 942 3540 ,Echedorum
963 3472 1043 3538 (urnle
1066 3488 1109 3538 sp.
1131 3490 1190 3525 eum
1211 3480 1307 3543 iegitur

207 3556 307 3607 dnneti
327 3561 411 3606 erent.
442 3555 514 3607 Just.
530 3554 652 3605 Leonidou
672 3569 738 3604 sore-
775 3547 900 3614 Χείδωρος)
909 3547 1004 3598 flumen
1013 3548 1308 3613 potentibusdefecisee.

207 3644 261 3683 reni
278 3629 353 3681 fecit.
387 3631 504 3694 lengum
520 3638 590 3681 esset
601 3630 739 3681 discrimen
776 3625 836 3676 Qun
846 3624 954 3687 respicit
965 3621 1116 3673 Alexander
1127 3642 1169 3689 sp.
1180 3629 1254 3681 Curt.
1260 3644 1307 3681 ιιι.

206 3706 340 3770 cupiarum
362 3705 470 3766 Xerxis,
502 3706 576 3754 niiter
605 3720 647 3769 ep.
670 3706 739 3756 Just.
776 3700 862 3748 ‘Cum
872 3698 957 3747 adiret
967 3698 1089 3760 Grecos,
1099 3702 1263 3769 admonebat,
1271 3706 1305 3755 nb

205 3780 283 3831 nliter
294 3796 337 3844 up.
350 3780 449 3829 Herod.
462 3788 678 3843 enumeraturum,
694 3782 738 3831 de.
775 3776 826 3825 iilis
848 3774 969 3839 gentibus
989 3775 1064 3825 iilets
1084 3778 1195 3830 Greciae
1217 3781 1305 3844 belin

206 3864 360 3907 monrtrare.
402 3854 499 3904 Verum
524 3856 573 3905 boe
593 3870 663 3905 nunc
686 3870 738 3905 nen
774 3851 852 3901 Dnrii
867 3852 948 3914 prius,
965 3851 1059 3901 deiude
1077 3852 1182 3919 Xerxir,
1196 3857 1306 3909 insolen-

207 3929 315 3995 agimns.
335 3930 406 3978 Giur.
776 3926 831 3990 tire,
846 3940 939 3988 nquam
957 3926 1039 3988 iprum
1056 3934 1205 3995 turremque
1223 3946 1305 3996 popu.

237 4004 287 4055 Arri
299 4018 379 4053 recens
389 4018 442 4053 cere
452 4005 530 4053 dolum
547 4007 667 4069 proderet]
685 4007 738 4057 Hic
774 4000 1304 4066 lentium‚utnequefontiumbeustumuee

204 4079 223 4128 1.
232 4079 296 4128 iicet
307 4078 364 4127 niiis
385 4077 499 4126 inucuu
518 4078 580 4127 mihi
600 4079 737 4129 admodum
775 4077 863 4128 soiitos
874 4077 948 4125 cibus
960 4077 1153 4139 relinquerent!
1179 4079 1231 4127 Ubi
1241 4094 1305 4131 non·

206 4160 345 4217 ttrspectnu
363 4160 411 4202 eet.
446 4152 515 4203 Quid
536 4156 603 4203 euim
621 4156 628 4184 ⁶
647 4169 737 4205 recens
775 4152 839 4201 nulii
848 4167 896 4216 pro
902 4152 1165 4216 popuusttosexiis.
1174 4167 1305 4218 reponunt

208 4226 288 4279 eerei'
322 4226 393 4278 Num
404 4232 526 4278 recenter
534 4227 656 4281 inducte?
690 4232 737 4281 Ar·
772 4227 926 4291 ponentium.
958 4224 1012 4277 Sed
1022 4226 1099 4279 male.
1131 4226 1225 4293 Neque
1235 4232 1305 4281 enim
