3175 4909
171 395 175 403 .
264 339 329 406 794
606 355 714 406 noun
739 355 942 406 vsnronuu
969 354 1009 408 tu

263 494 794 562 Sic'qnoqueuounulliinteriustinicoru·
833 499 882 562 dit,
901 497 1018 562 Agellins
1029 509 1091 548 xrtr.
1108 504 1133 550 t.
1149 499 1238 550 refert.
1272 500 1364 551 corin·

263 572 525 637 pilatoreslcgeruut.
548 575 613 623 Voss.
646 575 720 624 Istud
734 575 794 624 Cili·
834 574 1363 627 tutosAlexandrosternaniovisumsrn

263 649 324 697 cium
335 650 457 698 vitiosum
469 664 526 699 esse
534 650 589 712 jorn
602 650 643 699 alii
657 651 795 700 viderunt:
833 650 902 699 intra
913 652 992 700 ultim
1004 651 1149 713 dedicasse,
1159 652 1241 700 tradit
1249 653 1327 703 Paos.
1337 668 1363 702 v.

263 739 321 774 nans
341 725 440 788 pridem
463 726 608 787 perdomito
628 725 715 776 iuerat
736 728 793 777 bac
833 725 1016 789 longiosat'rn.
1032 727 1133 776 Beruec.

263 801 407 865 provincis.
441 801 595 850 Universum
617 802 686 852 bunc
708 802 792 850 locum
865 806 907 866 §8
925 804 1033 867 censeri]
1050 803 1109 853 Viri.
1127 810 1220 853 notata
1238 805 1272 853 sd
1284 817 1324 853 rx.
1336 809 1362 854 2.

263 876 311 924 ribi
329 881 476 938 suspectum
492 877 529 924 ait
549 889 605 924 esse
625 877 797 940 Bougarsius·
832 883 857 929 9.
874 880 912 928 tu

262 949 374 1002 Quidam
388 966 429 1014 ap.
450 952 575 1001 Beruecc.
597 952 701 1014 legebat
720 955 792 1016 Cyre·
864 955 906 1016 §0
921 954 962 1003 Διι
976 968 1056 1003 ornnes
1068 954 1231 1014 ininfeclores
1245 957 1364 1020 parentis]

261 1042 322 1085 seur
346 1028 383 1076 Is.
400 1028 507 1077 Vossius
526 1029 621 1091 Syrium
629 1045 640 1088 ,¹
666 1043 737 1090 rere,
765 1029 792 1076 ui
831 1028 918 1078 Homo
930 1028 1066 1092 insiguiter
1083 1029 1180 1090 taturus,
1195 1030 1361 1094 qrrisebipa·

262 1102 347 1152 fallor.
374 1105 459 1153 Faber.
506 1105 615 1154 Cilicium
644 1099 793 1153 Alexander
831 1110 896 1151 trem
915 1103 1006 1152 haberi
1027 1106 1149 1167 postulet.
1182 1104 1219 1154 At
1242 1104 1302 1153 boni
1323 1105 1360 1153 illi

263 1180 552 1243 occupsrutjamnnte.
586 1179 717 1230 Qusmob
732 1193 791 1227 cau·
830 1178 1007 1239 nugivenduli,
1034 1179 1187 1228 Hammonis
1213 1178 1362 1241 Antistites,

252 1269 314 1320 saur
328 1249 495 1317 proCr'iicinm
504 1254 620 1302 Freinslr.
633 1254 734 1316 legend.
746 1268 791 1316 pu·
829 1252 911 1314 magis
933 1253 1079 1314 sapiebant,
1099 1262 1137 1314 et,
1157 1255 1178 1302 si
1201 1253 1263 1318 quid
1285 1253 1359 1302 bouoe

261 1323 304 1379 tat¹
313 1331 429 1393 Cyrenen.
465 1329 514 1377 Sed
526 1343 609 1392 neque
629 1329 677 1377 hoc
696 1335 792 1391 potest.
829 1327 923 1377 mentis
933 1328 960 1375 iu
978 1328 1088 1376 cerebro
1103 1328 1244 1379 Alexandri
1259 1328 1360 1389 fnisset.

261 1405 330 1454 Nam
348 1406 469 1469 Cyrenen
489 1404 601 1454 obtinuit
613 1406 715 1453 dcrunm
727 1405 790 1454 Pto·
829 1403 958 1452 bominem
976 1403 1009 1453 sd
1025 1405 1163 1454 sanitatem
1183 1416 1359 1467 revocassent,

260 1481 374 1538 lemnus,
387 1487 415 1528 nt
432 1494 464 1529 ex
477 1492 541 1528 ιιιιι.
551 1484 576 1528 6.
589 1483 629 1528 1⁰.
641 1480 729 1528 videre
739 1485 789 1529 est.
828 1477 873 1540 qui
884 1477 988 1526 intimas
1005 1475 1105 1527 Africus
1120 1479 1271 1528 solitudines
1283 1493 1360 1542 pene·

261 1557 372 1607 Rectius
382 1557 461 1618 igitur
471 1555 584 1615 ridetur,
602 1555 670 1618 quod
687 1555 791 1604 Vossius
830 1560 927 1603 trasset
943 1562 972 1602 ut
990 1555 1179 1604 reluctandum
1197 1562 1226 1605 et
1235 1554 1360 1615 deluden-

260 1633 363 1696 legend.
375 1640 461 1695 putat,
472 1632 620 1694 Syriamque.
638 1633 737 1688 Vorst.
829 1630 890 1677 dum
909 1631 1062 1680 somniorum
1078 1631 1254 1680 venditoribus
1271 1631 1360 1694 propi·

263 1739 268 1752 ι
293 1711 333 1773 §i
353 1711 392 1758 Eu
408 1707 526 1771 serpente]
553 1709 609 1756 Lir.
627 1721 706 1756 xxvr.
717 1711 756 1756 19.
765 1712 790 1756 6.
828 1712 912 1753 naret.
929 1707 990 1755 Fui.

260 1783 308 1833 ‘P.
328 1785 404 1834 Corn.
423 1781 511 1846 Scipio
532 1781 632 1831 rettulit
649 1780 743 1830 samam
763 1781 789 1831 iu
861 1781 919 1843 §10
937 1781 1042 1829 Tertium
1050 1780 1256 1842 interrogationem
1266 1796 1360 1844 possen

261 1859 406 1912 Alexandro
417 1861 514 1924 Magno
526 1860 596 1923 prius
611 1859 753 1922 vulgatam,
764 1864 791 1908 et
830 1855 862 1917 ti]
879 1857 927 1904 Est
946 1856 991 1922 qui
1012 1857 1095 1905 Tertio
1116 1857 1302 1918 interrogatione
1322 1857 1358 1904 le·

260 1937 377 1992 vanitate
391 1945 419 1986 et
430 1935 519 1986 fabola
531 1951 627 2000 parem,
644 1937 735 1999 anguis
746 1935 791 1983 im·
829 1930 905 1992 gend.
925 1945 957 1980 ex
978 1932 1028 1981 Ms.
1039 1939 1145 1982 censet:
1163 1932 1292 1997 quomodo
1302 1931 1359 1980 fers

260 2013 342 2062 menis
370 2013 507 2062 concubitu
534 2011 711 2075 conceptum,’
739 2016 789 2061 tec.
829 2007 890 2056 Tac.
902 2007 953 2056 Αιι.
963 2021 1006 2056 ιιι.
1015 2013 1054 2057 16.
1064 2012 1089 2059 t.
1099 2008 1173 2057 Alius
1183 2010 1359 2073 etsequentis

260 2088 325 2137 Eud.
347 2086 403 2138 t‘cre
422 2087 509 2152 Agell.
530 2102 579 2137 ιιι.
596 2093 618 2138 l.
641 2087 740 2136 Similia
756 2088 790 2137 ds
828 2092 914 2132 mutar
934 2084 985 2132 ili:
1004 2084 1085 2132 Tertia
1102 2084 1289 2144 interrogatione
1304 2098 1359 2147 pos·

260 2161 378 2226 Angmto
388 2163 526 2213 Suetonius
538 2168 579 2214 ot.
591 2164 615 2213 Β.
634 2163 734 2212 Fabuls
746 2161 790 2212 ills
827 2159 891 2208 resti
905 2158 1028 2209 obierim
1045 2160 1148 2209 austun
1166 2160 1286 2221 mmm,
1303 2174 1358 2223 pos·

260 2237 294 2288 de
304 2237 432 2301 Scipionis
443 2249 500 2289 ortu
513 2241 617 2302 peperit
626 2241 703 2290 aliaru
714 2237 789 2288 fsbu·
826 2233 952 2282 unium
961 2235 1313 2298 imsmdorirupoulelsrrr
1324 2249 1357 2284 ne

259 2313 311 2363 iarn
329 2314 362 2363 de
378 2329 457 2378 specu
470 2315 495 2363 in
509 2316 668 2377 tinterniae),
681 2314 725 2364 nbi
738 2329 791 2363 m..
828 2307 928 2371 phrasis
940 2310 991 2358 ista
1006 2323 1056 2358 nou
1068 2308 1192 2360 offendat.
1224 2311 1358 2359 ‘interro-

259 2403 306 2438 nes
333 2389 388 2454 ejus
415 2391 547 2440 custodire
568 2391 647 2440 drsco
670 2391 790 2454 meditor,
829 2383 1101 2446 gatio’nsmquenon
1119 2386 1161 2435 bic
1180 2385 1357 2450 munsteri

259 2464 329 2514 Plio.
342 2479 401 2514 xrs.
413 2470 453 2516 ts.
467 2481 506 2528 pr.
524 2468 600 2518 Beris.
828 2461 943 2525 ipbrrrps,
954 2462 978 2510 ir.
987 2477 1012 2511 e.
1022 2477 1074 2512 non
1086 2470 1161 2513 actus
1173 2463 1359 2527 interrogandi,

260 2575 263 2582 ,
292 2542 333 2603 §⁶
351 2539 436 2603 Stupri
446 2542 598 2604 compertum]
616 2542 659 2591 Ita
671 2543 726 2592 Lie.
735 2556 788 2592 nu.
827 2537 873 2586 sed
884 2547 965 2600 caput
976 2538 1186 2601 interrogationis
1196 2545 1246 2588 est.
1277 2537 1358 2600 ‘risu-

259 2620 284 2666 t.
294 2621 319 2666 4.
336 2607 456 2664 ‘Nullius
466 2616 552 2679 probri
567 2618 735 2680 compertus.¹
754 2620 790 2668 Et
826 2611 938 2673 *vitm
952 2614 1067 2677 appellat
1087 2614 1356 2664 Diod·¹Vt1·il·ttbi

257 2689 278 2740 ι’.
300 2690 357 2754 ejus
379 2691 523 2741 imitatione
544 2692 606 2742 Tac.
627 2692 660 2742 Α.
681 2707 699 2742 ι.
718 2697 743 2742 8.
762 2698 787 2743 6.
827 2687 1247 2751 fusiusbascexplicsturhistoria.
1281 2689 1358 2737 Cete-

257 2765 379 2816 ‘Nullius
401 2775 488 2814 tumen
508 2763 601 2830 flagitii
622 2769 790 2831 compertus)
825 2777 882 2811 rum
892 2763 1043 2813 Atticissuus
1051 2771 1167 2824 caucum
1176 2764 1255 2813 rerba
1263 2773 1357 2829 regunt

259 2841 361 2890 Bsruse.
395 2842 451 2892 Lis.
469 2844 706 2894 xxrr.5t,‘1)un1
724 2846 788 2893 Ves-
826 2839 987 2887 sccusativus
998 2841 1039 2889 rel
1051 2855 1104 2888 suar
1120 2840 1233 2905 originis,
1244 2848 1273 2891 ut
1288 2843 1357 2890 ‘cte-

258 2915 325 2965 tsleo
348 2917 431 2979 stupri
449 2919 608 2979 compertu)
649 2917 727 2967 Aliurl
747 2925 788 2967 est
826 2927 890 2962 nate
917 2914 1036 2976 eoenam,’
1065 2917 1198 2979 ‘pugnare
1225 2917 1356 2981 pugnarn,’

257 2990 365 3054 ‘stupro
383 2997 543 3054 comperta?
560 3007 610 3057 quo
622 2993 694 3055 Sulp.
711 2993 787 3043 Sere·
825 2989 970 3038 ‘somniare
985 2991 1128 3048 somnium,'
1141 2993 1230 3042 Plsut.
1246 2994 1355 3057 ‘jurare

259 3079 303 3114 rus
314 3066 397 3114 utitur
409 3067 479 3115 llist.
489 3067 515 3116 S·
525 3070 547 3115 l.
558 3071 598 3118 88.
616 3068 676 3118 vid.
688 3076 786 3120 nostras
821 3063 1020 3130 j¹1⁸j⁰r⁸⁰dt¹m‚’
1036 3067 1093 3116 Cic·
1111 3069 1159 3116 &c-
1175 3069 1216 3117 vel
1237 3075 1356 3132 cognita

256 3141 284 3192 iu
296 3141 367 3190 illurn
379 3142 473 3191 Notas.
494 3144 569 3192 Vorrt.
824 3137 1178 3204 significationis,ot‘lncere
1189 3142 1291 3207 fucem,'
1299 3145 1307 3172 ‘
1315 3158 1357 3194 ce·

290 3219 332 3281 §6
350 3217 476 3279 Origines
484 3219 632 3286 diuinitatis]
648 3223 678 3272 F.
688 3223 788 3285 origini,
825 3215 918 3264 reuurs'
935 3218 1054 3280 ‘garrire
1067 3219 1168 3282 nugas,'
1183 3220 1357 3283 Plaut‘pug-

256 3294 414 3343 diuinitatem.
432 3294 513 3345 Gron.
825 3304 887 3340 nare
907 3293 1015 3355 praelia,'
1033 3296 1148 3356 ‘garrire
1165 3295 1282 3361 libellos,’
1301 3294 1356 3343 Ho-

223 3407 227 3416 .
255 3411 258 3418 .
290 3370 331 3431 §l
349 3369 506 3431 legumine]
522 3369 786 3426 AElisu.xtr.deNat.
825 3375 875 3418 rat.
899 3369 1050 3434 ‘quiescere
1068 3367 1201 3429 sorunrrm,'
1224 3368 1356 3417 ‘substre-

257 3443 344 3491 Διιίιιι.
352 3446 376 3490 o.
394 3441 439 3489 Καὶ
446 3442 576 3502 Ὀλυμπιὰς
585 3443 611 3493 il
620 3443 695 3494 ἔκειτο
702 3448 787 3509 γυμνὴ,
825 3458 889 3509 pere
900 3443 999 3505 rerba,'
1009 3443 1088 3506 Apul·
1120 3444 1163 3492 Sic
1175 3443 1262 3506 ἐρωτᾷν
1272 3442 1355 3506 ἐρωή-

257 3516 275 3575 ἡ
289 3517 392 3565 τεκοῦσα
407 3515 451 3564 τὸν
466 3518 510 3566 τοῦ
526 3518 589 3578 Abs,
607 3520 638 3571 irs
657 3520 787 3586 ἐκόμπαζεν
823 3539 897 3582 ματα,
907 3522 932 3568 Ιι.
943 3534 967 3568 e.
977 3521 1127 3581 nummus
1141 3520 1175 3584 (t.
1186 3534 1244 3570 cum
1257 3522 1355 3572 Nostro

258 3590 328 3652 obri,
339 3590 378 3639 καὶ
389 3592 475 3640 ἐκεῖνος
482 3591 561 3654 ἔλεγε.
575 3587 586 3614 ’
824 3594 928 3659 porcere)
935 3595 1142 3657 interrogationes,
1148 3594 1215 3644 dixit
1223 3596 1355 3648 AEscblnes

294 3668 327 3716 Ut
338 3667 478 3717 Hammonis
487 3668 583 3732 fllium]
598 3669 668 3720 tint
684 3671 786 3722 ridetur
825 3672 851 3720 iu
869 3670 985 3734 Ctesipb.
1003 3678 1030 3718 ot
1049 3670 1121 3718 Plut.
1137 3671 1164 3719 iu
1183 3671 1268 3721 Colot.
1285 3672 1355 3724 And.

257 3741 421 3804 expungend.
439 3743 514 3794 Sebis.
547 3744 675 3808 Hammon,
691 3748 787 3798 rectius
824 3747 954 3796 Vccbueri
967 3746 1130 3795 Helleuolax.
1140 3761 1167 3809 p.
1180 3750 1236 3797 lot.
1254 3749 1356 3800 Beraec.

255 3817 367 3879 Διιιιιιιιιι,
375 3818 449 3869 Joris
458 3819 484 3866 in
497 3820 578 3884 Libya
590 3831 788 3886 cognomentum
826 3821 938 3870 Videtur
948 3820 1048 3870 Auctor
1058 3820 1193 3884 scripsisse
1203 3823 1307 3873 Tertium
1317 3825 1354 3874 irs-

256 3900 305 3954 est,
316 3894 348 3943 ab
359 3889 443 3943 crenis
454 3894 479 3944 ei
495 3895 614 3960 inditum,
634 3912 739 3963 quarum
752 3901 789 3949 iu·
824 3896 1008 3957 ierrcgolicress
1024 3897 1181 3960 potestiut
1203 3899 1259 3948 Cic.
1277 3914 1296 3949 ι.
1319 3902 1353 3951 de

258 3985 321 4034 gens
339 3970 413 4019 isthic
424 3971 508 4034 copia.
542 3973 614 4023 Mela
624 3988 643 4024 1.
656 3979 680 4026 8.
697 3976 787 4040 Olyrn·
826 3972 903 4023 Orat.
925 3976 966 4022 22.
994 3972 1081 4021 ‘Mihi
1105 3987 1174 4022 nuuc
1194 3987 1249 4037 ros,
1269 3975 1354 4038 inquit

257 4045 341 4108 pieriis
351 4044 473 4094 festivum
489 4047 655 4112 rescriptum,
674 4065 724 4115 quo
741 4051 787 4102 tilii
825 4050 987 4110 Crassus,....
999 4048 1222 4112 quaestiunculam,
1244 4048 1277 4097 sle
1301 4066 1353 4114 qus

253 4121 419 4187 jactantiam,
433 4124 564 4188 ‘genitum
580 4139 607 4176 se
617 4125 703 4192 Jove,’
715 4137 785 4180 retu·
824 4140 882 4178 meo
893 4125 1021 4176 arbitratu
1038 4126 1136 4191 loquer,
1155 4124 1276 4188 ponitisi’
1310 4127 1353 4180 ld.
