3175 4909
514 398 664 453 ιιιετιιιι
690 401 761 451 nia.
786 405 811 451 ι.
834 402 915 453 oar.
937 390 969 453 7.
1227 392 1292 459 687

191 539 251 593 red.
261 552 281 591 ι.
292 544 317 591 8.
328 544 358 592 et
367 554 440 607 seqq.
460 540 521 593 vio.
530 548 557 593 et
567 542 639 595 Plut.
651 544 725 610 Sym·
762 553 886 611 quantur.
916 548 1006 598 Plent.
1015 546 1087 598 Asin.
1099 540 1168 599 ‘nte
1179 558 1295 614 quates

191 632 252 681 pos.
264 631 283 667 1.
309 618 445 669 Quaene.
479 618 539 669 Non
550 620 678 669 absimilia
691 620 725 670 de
763 628 852 670 noster
862 624 957 685 aucupi
965 631 1008 674 est
1018 623 1178 686 simillimus:
1188 640 1295 690 pro,eu·
1351 648 1352 651 ¹

192 692 299 745 Othone
322 693 387 743 Teo.
410 690 444 743 A.
467 698 531 745 xul.
553 700 595 746 46.
623 697 725 749 Bm.
764 696 839 760 cupis
852 699 973 762 questui.
1004 698 1295 762 CinproFleec.‘Cn·

190 768 354 832 Simpliciter
370 769 395 819 ll.
407 768 478 819 locus
494 771 724 835 estaeoipiendns,
759 770 804 833 jus
825 787 875 835 ego
897 772 1011 823 civitatis
1033 774 1196 839 disciplinam
1213 785 1294 843 atque

192 858 284 908 nempe
300 850 333 893 nt
348 844 444 895 nullius
462 845 531 908 regis
547 860 624 897 essue
646 846 726 897 suerit
764 848 921 911 gravitatem
940 861 994 900 non
1010 850 1092 899 solam
1109 851 1232 916 Grotius,
1248 854 1296 904 sed

192 920 282 985 similis
301 918 416 971 fortune
439 920 581 982 Candanll3
599 923 666 987 quod
679 924 726 987 glo·
762 922 831 971 hand
850 925 916 985 seio,
934 939 967 974 an
987 927 1089 977 eunctis
1108 928 1229 991 gentibus
1250 944 1295 980 sn-

194 995 288 1059 qnendi
307 1010 389 1059 gestus
403 996 461 1060 iam
484 998 725 1052 illustravimus.
760 998 939 1061 'teponeodam
962 1000 1025 1063 jors
1047 1000 1150 1065 dicsm,'
1170 1019 1228 1068 pro,
1246 1006 1297 1057 dis·

195 1069 258 1121 Obs.
276 1074 302 1121 8.
343 1070 468 1122 Ceterum
489 1074 664 1125 Gaetuli-est
686 1091 726 1127 se·
763 1071 867 1134 ciplinae
878 1074 990 1131 Graecias
1008 1080 1037 1125 et
1050 1083 1204 1128 ennctsrnm
1222 1088 1294 1143 gent.

194 1146 368 1197 eandieasus.
401 1147 517 1199 Ideaim
538 1149 638 1212 plseuit
655 1159 726 1201 vete·
768 1146 847 1198 th.
879 1146 1070 1213 angl-sunm
1086 1152 1295 1220 eunomiumne

116 1220 120 1227 '
195 1222 275 1284 ribot,
285 1227 315 1271 ut
325 1224 354 1272 in
365 1223 512 1273 nominibus
524 1226 646 1290 propriis,
663 1226 689 1275 ln
701 1240 727 1275 es
764 1222 889 1286 praefero,
908 1224 969 1288 quia
979 1226 1122 1289 respondet
1133 1230 1295 1292 praeeedenli

195 1295 386 1361 desinentibus,
398 1299 538 1349 secundnm
550 1315 637 1349 oasam
650 1299 725 1350 effer·
762 1298 868 1347 melo.-
884 1303 1051 1363 oomporeudas
1058 1302 1162 1361 sorim
1172 1304 1243 1355 idem
1253 1314 1296 1359 est

196 1379 255 1423 rent
265 1374 343 1437 peri,
363 1388 415 1423 non
432 1388 480 1438 pse
496 1374 528 1425 s's.
561 1376 599 1426 Ut
620 1378 725 1429 Terent.
763 1388 805 1436 ee,
823 1376 1015 1439 comparandus
1031 1379 1058 1427 in
1074 1377 1197 1441 fortuitu
1214 1395 1296 1445 geone

195 1447 339 1499 ‘Chremi'
356 1449 560 1503 Gim‘Socrsti'
576 1452 727 1505 (lell‘En-
764 1451 889 1515 loquendi
916 1452 1001 1503 simile
1027 1453 1068 1503 illi
1089 1452 1221 1505 Ciceronis
1246 1471 1295 1521 pro

195 1523 293 1587 ripidi,'
314 1526 469 1589 ‘Sophocli’
486 1533 515 1577 et
532 1528 569 1579 aie
587 1544 629 1593 ep.
647 1530 724 1581 alios:
764 1526 856 1578 Quint.
868 1532 908 1577 lt.
925 1529 1004 1578 ‘Non
1021 1538 1157 1593 comparat
1168 1545 1196 1581 se
1208 1538 1295 1583 tenum

196 1600 603 1669 qulaetGrseeietlamnomina,
613 1606 726 1669 alioquin
764 1603 889 1669 gratini..
906 1604 1037 1667 Quintius,
1055 1606 1118 1656 Sex.
1139 1606 1226 1671 Nervi,
1243 1622 1295 1657 non

196 1676 432 1741 inardesiuentia,
446 1694 516 1744 supe
534 1695 581 1745 per
598 1700 636 1732 sus
655 1682 726 1733 linie-
764 1683 867 1745 opibus,
895 1696 948 1733 non
974 1680 1110 1748 facultate,
1136 1684 1294 1737 contendit)

197 1752 270 1803 bant.
290 1754 395 1807 omos.
427 1757 581 1822 Suepiestm
598 1760 726 1817 Berneee.
764 1756 845 1818 Salei.

195 1830 300 1893 legend.
316 1846 372 1881 esse
388 1832 505 1893 serlone.-
526 1834 594 1885 idem
615 1843 644 1886 et
665 1838 727 1885 milli
797 1835 853 1897 §1⁵
872 1834 1056 1898 thmlff
1066 1835 1294 1899 fmffifii‘·

197 1904 299 1967 pridem
317 1907 396 1957 ιίιιιιιι
414 1915 464 1967 est,
484 1915 512 1961 el
533 1918 634 1961 eertum
653 1918 726 1975 puto.
763 1907 842 1955 dim
857 1909 990 1973 deperibat]
1016 1910 1092 1965 Juut.
1102 1927 1124 1975 p·
1137 1926 1164 1974 p.
1175 1911 1201 1971 s.
1216 1928 1242 1976 p.
1258 1914 1296 1963 ni·

199 1980 268 2031 Nam
280 1982 394 2033 &munli
406 1993 448 2035 est
459 1986 531 2035 tertii
543 2000 637 2036 casus:
658 1986 731 2038 nude
764 1984 839 2034 uisas
848 1986 903 2049 dep.
920 1985 1010 2037 Gru.

197 2056 409 2122 etmoxlegend.
428 2063 505 2109 κιαι
521 2062 659 2125 essemus,
676 2076 728 2111 non
803 2062 964 2126 Voluptatem,
972 2062 1025 2126 de]
1051 2062 1120 2112 Saxo
1137 2075 1187 2113 vu.
1199 2078 1226 2127 p.
1238 2069 1295 2116 tte.
1366 2077 1375 2091 ·

198 2131 324 2183 Cadusii.
358 2135 426 2184 Nam
436 2136 728 2197 lursmarin-tussam-
765 2140 806 2186 2³.
823 2137 935 2187 ‘Tacita
952 2134 1064 2187 fortune
1075 2138 1297 2191 mneeientiafre·

197 2220 238 2269 ns,
246 2208 384 2272 Princeps,
398 2210 534 2261 Herodoto
545 2226 596 2263 non
613 2214 657 2264 illa
673 2215 728 2279 qni·
767 2212 827 2262 tus.¹

199 2282 258 2332 dem
276 2284 454 2335 ‘Candaules’
470 2287 576 2351 dieitur,
586 2289 632 2339 sed
644 2294 651 2319 ‘
662 2291 727 2340 Oan-
798 2291 857 2353 §ll
877 2290 1073 2357 Utefflmetioni
1081 2289 1143 2353 esse]
1176 2290 1294 2341 Manius-

201 2354 309 2407 danto?
352 2358 448 2410 Posset
466 2368 552 2411 tamen
570 2371 597 2414 et
619 2364 728 2414 retineri
765 2364 840 2426 bent,
857 2366 1080 2429 epimetionems:
1098 2366 1167 2431 qnod
1183 2365 1296 2419 fortasse

199 2432 269 2483 istan
282 2435 400 2485 Gnadeeli
415 2437 653 2500 insecundonoeu,
670 2438 728 2488 itid.
766 2454 818 2488 non
843 2440 975 2502 repudiari
1001 2439 1124 2491 debebat.
1157 2440 1296 2491 Sententia

201 2516 232 2559 nt
250 2509 359 2561 dicimus
374 2510 505 2561 ‘Achilli'
526 2527 585 2576 pso,
605 2511 729 2573 Achillis3
767 2521 809 2562 est
820 2514 880 2563 lmie
899 2514 917 2562 l.
931 2513 1071 2563 admodum
1087 2515 1296 2567 accommodata:

199 2584 319 2648 ‘Ulysei'
331 2599 388 2649 pro,
398 2586 513 2649 Ulyssis;
530 2586 660 2637 ‘Pericli’
671 2602 728 2650 pro,
766 2590 885 2639 Veritum
896 2603 990 2652 nempe
1012 2589 1183 2653 Candaulem,
1204 2605 1237 2641 ne
1258 2593 1297 2642 llll

200 2659 327 2723 Periclis;
342 2675 437 2725 nempe
456 2675 504 2725 per
524 2663 730 2726 metaplasmum,
766 2665 1296 2733 praedicationisamnonhaberatnrfides,

199 2742 229 2786 ut
241 2743 336 2785 vocent
346 2738 517 2799 grammatici,
537 2738 555 2787 i.
566 2752 590 2787 e.
606 2752 654 2801 per
664 2738 729 2786 veri·
766 2742 825 2791 ideo
836 2741 984 2792 adhibuisse
997 2742 1100 2807 Gygem
1111 2743 1182 2793 velut
1193 2750 1296 2809 testem,

199 2825 240 2860 em
274 2810 424 2861 declinandi
452 2811 561 2861 nominis
592 2812 729 2862 rationem.
766 2817 811 2881 qui
828 2832 875 2867 sna
893 2816 1065 2867 affirmatione
1084 2825 1175 2881 posset
1193 2822 1298 2871 conuin-

201 2888 261 2937 Fet.
766 2907 828 2944 oeae
839 2893 913 2957 dios,
924 2908 954 2942 so
967 2894 1081 2956 efficere,
1099 2901 1130 2943 at
1144 2897 1297 2947 crederetur

234 2964 321 3013 Nellos
330 2969 410 3014 tenen
421 2966 529 3026 sorim
540 2966 657 3016 cantauit
667 2980 728 3015 oont-
766 2970 946 3033 rerumquae
964 2970 1111 3020 Cendmles
1129 2972 1297 3034 predicaret.

197 3040 329 3104 pondu]
345 3042 528 3104 Berneggerus
548 3042 638 3091 mallet
649 3040 730 3101 fortn-
768 3045 892 3095 Dsbebat
903 3044 991 3095 iecere
1003 3045 1080 3095 fidem
1091 3046 1167 3096 dietis
1185 3054 1213 3097 et
1232 3063 1297 3112 pras·

201 3130 252 3173 ees
279 3128 306 3165 et
325 3124 354 3167 nt
373 3118 490 3167 Gondouli
508 3118 544 3168 eit
562 3132 636 3167 casus
652 3118 731 3169 tertii.
768 3120 894 3169 dicationi
906 3120 1180 3184 candsmispersuam
1188 3122 1298 3173 affirma·

203 3192 438 3243 verumenimvero
451 3194 569 3241 condenti
586 3193 641 3241 sine
652 3191 730 3243 dubio
768 3195 874 3246 tionem.
890 3195 969 3253 Μυῒ

203 3278 277 3316 cesos
296 3268 402 3318 secandi
418 3274 476 3329 est,
493 3274 523 3317 ut
544 3270 571 3316 in
590 3268 645 3328 illo,
661 3265 730 3331 quod
801 3270 1299 3336 §1slssusuertssssxutssols’citsrsu1

203 3341 282 3403 paulo
295 3348 352 3405 poet
360 3342 490 3407 sequitur,
500 3344 508 3371 ⁸
518 3340 603 3391 candes
613 3342 730 3391 Candau-
768 3346 821 3394 Ma.
833 3346 910 3408 Aegl.
919 3351 948 3393 et
957 3346 1108 3409 laodamia
1117 3360 1174 3398 ne.
1186 3348 1298 3398 illectu.

200 3418 236 3468 li.'
268 3419 368 3482 Estque
386 3417 530 3483 hujusmodl
545 3418 673 3467 secundus
687 3432 731 3467 ea·
769 3420 859 3473 orsu.

202 3508 245 3543 sne
255 3506 298 3556 ep.
310 3494 440 3544 ductores
449 3492 512 3543 satis
521 3490 650 3557 frequens.
679 3494 732 3543 Ne·
801 3497 860 3559 §19
876 3496 1022 3559 Nuptiarum
1037 3498 1174 3561 premium]
1202 3500 1239 3549 Et
1256 3499 1297 3550 laic

201 3584 264 3633 poe:
290 3568 504 3619 ‘Themistocles
526 3568 620 3619 Neocli
646 3568 732 3619 filiua’
768 3572 787 3621 l.
798 3571 935 3621 unitatem
948 3571 1029 3621 debet
1049 3572 1191 3635 Gronovio,
1208 3574 1251 3639 qni
1270 3576 1298 3623 ia

202 3644 284 3695 Plura
294 3645 373 3695 habat
383 3644 533 3695 Vertumnus
554 3644 581 3693 in
602 3644 731 3697 Hellenol.
770 3646 837 3695 obs.
849 3660 880 3695 ιι.
892 3650 933 3695 2⁵.
942 3647 1048 3710 egregie
1056 3649 1174 3698 restituit
1181 3651 1298 3712 pretium:

202 3720 307 3769 Deinde
319 3720 449 3773 neuillud
461 3721 574 3771 insolens
593 3721 677 3771 uideri
687 3721 732 3771 de·
768 3720 925 3785 quieeaedes
943 3721 1055 3783 pretinm
1072 3721 1124 3773 init
1139 3725 1300 3787 nuptiarum,

202 3794 263 3857 beta
287 3796 357 3860 qnod
377 3796 547 3855 nonfurtum
567 3798 664 3857 sollius,
685 3797 732 3847 sed
769 3810 821 3860 quo
831 3797 895 3844 emit
906 3798 977 3860 quusi
986 3804 1015 3845 st
1023 3805 1177 3849 consecutus
1186 3808 1297 3864 estnap·

202 3872 278 3921 uades
297 3871 407 3931 sorim
429 3874 547 3923 Cadusii
564 3875 732 3935 conparandos
770 3872 928 3935 tiaereginoe
938 3873 1093 3928 Candaules.
1126 3874 1298 3925 Cedesenim

203 3944 298 3995 dieitur
317 3946 452 3997 sumno.
485 3948 529 3998 Its
548 3949 617 4000 enim
636 3947 682 3999 ini.
700 3962 731 3999 ιι.
768 3962 821 3997 non
843 3948 977 4011 prumiam
998 3949 1143 4012 nuptiarum
1164 3948 1224 4010 fuit,
1250 3950 1298 3999 sed

204 4025 296 4073 leit.
313 4020 527 4073 ‘Atheniensium
540 4024 620 4073 virtus
636 4022 732 4074 ueteris
769 4022 869 4085 nuptiae
885 4022 1020 4084 praemium
1038 4023 1127 4073 endis.
1160 4022 1232 4071 Nihil
1243 4037 1298 4073 cer·

203 4094 328 4157 pruinis,
338 4109 397 4158 pro,
405 4101 549 4145 ceterorum
559 4098 650 4147 uirtuti
659 4097 732 4161 prael.
756 4098 838 4151 .tius:
853 4097 904 4147 uid.
912 4113 970 4161 qum
979 4097 1016 4147 ibi
1026 4098 1158 4147 firmandae
1166 4097 1227 4148 hnic
1235 4098 1298 4150 leet.

203 4170 238 4219 El
253 4184 285 4220 ιι.
296 4174 337 4222 ln.
347 4174 390 4220 20.
407 4170 484 4219 ‘Non
505 4170 611 4221 inferior
630 4171 732 4221 virtuti·
769 4171 854 4222 affert.
886 4173 917 4221 ln
929 4174 980 4221 alla
991 4172 1079 4221 omnia
1094 4172 1116 4221 it
1134 4171 1244 4237 politius.
1254 4176 1298 4223 ille

203 4243 250 4295 boe
262 4246 348 4310 pstrl,'
360 4260 417 4310 pro,
436 4246 518 4309 uirtus
536 4247 655 4309 mnenon
667 4245 732 4297 inie-
770 4246 864 4311 Faber,
883 4248 958 4311 enjus
977 4247 1101 4296 memorie
1119 4248 1181 4297 milti
1195 4264 1298 4313 semper

203 4321 254 4371 rior
267 4321 408 4373 uirtutibus
419 4335 445 4386 p.
481 4321 565 4371 Etiam
581 4321 618 4371 sio
637 4322 680 4371 alii
695 4322 732 4372 lo·
770 4324 823 4374 erit
833 4323 1059 4387 desideratissime.
1077 4324 1135 4375 Nee
1146 4329 1231 4375 temen
1241 4339 1299 4389 per·
