3175 4909
293 370 379 435 1060
532 386 725 439 ascensus
752 386 966 436 nururonuu
992 388 1151 437 susurru.

208 530 218 551 ‘
333 572 373 583 -
387 538 591 599 Sehreveliana
613 555 669 601 111.
693 549 721 601 8.
745 558 815 600 cum
837 539 916 600 notis
936 504 1019 601 Vari.
1033 547 1063 601 et
1077 538 1265 603 Freinshemii
1280 534 1412 597 indice.‘

292 636 414 801 Jehddy
435 730 640 794 Schreveliana
668 749 714 791 iv.
738 740 876 794 8.-—cuni
901 732 1201 792 notisseiectissimis
1227 729 1390 795 variorum,

293 832 414 884 curante
436 825 473 884 C.
489 826 521 884 S.
535 824 580 885 M.
600 827 639 887 D.
659 826 884 899 Amstelodami,
897 827 978 907 apud
994 827 1177 889 Ludovicum
1192 836 1224 888 et
1238 823 1390 884 Danielem

293 918 461 981 Eizevirios.

331 1047 372 1059 —
385 1016 606 1077 Amsteiodami.
624 1027 671 1080 12.

332 1144 373 1155 -·
387 1110 507 1172 Oronii.
535 1122 582 1173 ia.
606 1112 713 1173 Justini
739 1112 867 1172 historiae
891 1111 1077 1190 Philippicae,
1101 1130 1169 1170 eum
1192 1110 1270 1169 notis
1297 1107 1391 1169 isaaci

292 1206 412 1367 voddho
432 1298 637 1361 Schrevehana
652 1317 684 1359 v.
700 1306 729 1359 8.
744 1310 763 1361 2
777 1299 847 1357 voh.
861 1319 887 1358 e.
903 1318 933 1359 n.
948 1301 1033 1359 Van.
1049 1299 1187 1376 Lugduni
1202 1303 1270 1359 Bet.
1382 1364 1387 1373 ¹

330 1393 519 1472 -Lugduni
539 1394 606 1455 Bet.
633 1406 728 1457 12..ex
743 1414 806 1455 rec.
821 1395 917 1454 isaaci
932 1396 1037 1455 Vossii.
1052 1394 1122 1472 (Sed
1137 1394 1259 1455 Vossius
1275 1404 1389 1454 textum

290 1490 355 1568 ipse
376 1490 492 1569 reliquit
515 1490 750 1569 Bongarsianum‚
766 1510 893 1569 suasque
907 1492 1125 1552 emendationes
1138 1490 1168 1549 in
1182 1491 1261 1551 notis
1276 1497 1390 1552 tantuin

292 1586 410 1749 suhsdhd
434 1681 657 1741 Amsteiodami.
682 1681 727 1741 16.
748 1683 858 1743 Justiui
878 1682 1062 1742 historiarum
1076 1702 1113 1740 ex
1126 1683 1230 1760 Trogo
1246 1635 1389 1759 Pornpeio

292 1773 360 1834 iibri
376 1792 470 1836 xciv,
485 1798 520 1837 er
536 1778 705 1837 recensione
721 1781 815 1839 isaaci
829 1778 934 1840 Vossii.
949 1778 1073 1841 hustet.
1088 1798 1138 1856 ap.
1154 1778 1278 1838 Eheerir.

507 2086 620 2146 AETAS
641 2088 678 2145 V.
698 2086 1173 2158 unuvrouuouovlhhh,

737 2245 947 2308 ωδε-1809.

293 2474 311 2513 a
326 2454 488 2515 duumviris
502 2456 798 2517 Jusrini‘emeudandi
815 2457 865 2517 Jo.
880 2453 1010 2532 Georgio
1032 2452 1153 2513 Greeaio
1173 2460 1203 2513 et
1222 2452 1391 2514 Abrahsmo

294 2550 448 2611 Gronovio
472 2550 607 2612 dicenda.
650 2553 702 2611 lile
724 2552 840 2629 quidem
856 2560 968 2612 textum
984 2547 1212 2627 Borrgarsianum
1227 2548 1335 2625 saepius
1346 2550 1392 2608 in·

294 2644 470 2722 tempestive
491 2646 693 2705 immutatione
716 2645 822 2705 veteris
842 2645 972 2706 iectionis
995 2646 1176 2703 aberrantem
1198 2644 1236 2701 ad
1257 2662 1323 2702 eam
1344 2664 1390 2703 re·

294 2738 389 2809 duxit,
404 2740 581 2799 auctoritate
604 2740 726 2799 maxime
744 2742 762 2799 J
766 2740 875 2799 untiuae
895 2744 975 2815 (quae
991 2757 1050 2797 uon
1065 2746 1110 2795 est
1124 2736 1177 2792 nisi
1190 2736 1327 2811 repetitio
1342 2736 1394 2796 Al·

295 2830 386 2907 dinae)
398 2834 498 2905 fultus,
509 2836 575 2911 jam
594 2836 632 2894 ab
646 2854 693 2893 an.
710 2832 798 2895 1668.
825 2836 893 2898 dein
907 2853 976 2893 curn
991 2833 1108 2908 Tanaq.
1122 2829 1226 2901 Faber,
1240 2831 1290 2891 Jo.
1304 2834 1391 2892 Vors-

294 2926 364 2999 tius,
385 2928 433 2989 Jo.
457 2928 623 2989 Sohefferus
645 2937 675 2987 et
697 2928 892 2996 Osonieuaes,
906 2925 975 2985 visis
997 2926 1109 2985 Graevii
1129 2925 1302 2996 noricense
1316 2947 1391 3005 qno·

296 3042 353 3099 que
375 3022 535 3083 edidissent
559 3024 628 3084 edd.
652 3031 840 3102 praestantes,
863 3022 967 3082 horum
990 3020 1118 3081 virorum
1131 3040 1219 3081 ouras
1232 3023 1390 3100 superarit,

294 3116 437 3179 adornate
459 3117 588 3178 editione
612 3118 725 3195 majore
750 3138 818 3177 cuni
842 3119 920 3179 uotis
944 3136 1017 3177 aare.
1042 3118 1184 3195 anianum
1206 3128 1276 3196 post
1302 3138 1392 3198 quarn

296 3213 478 3274 oxonienses
487 3214 721 3275 studio'l'hourae
731 3213 1203 3285 HearneJustinurn,Ven.Abhas
1213 3213 1392 3290 deLougue·

295 3318 346 3368 rue
370 3311 512 3386 Prologos
535 3311 605 3370 olim
627 3330 644 3369 a
667 3312 827 3388 Bougarsio
848 3309 1028 3379 emendatos,
1043 3308 1142 3368 denuo
1163 3306 1202 3368 ad
1223 3312 1299 3369 Mas.
1322 3328 1391 3368 exe·

294 3414 410 3480 gerunt.
449 3404 528 3463 Turn
549 3405 662 3465 Graevii
683 3406 811 3483 vestigiis
824 3406 961 3467 insistens
975 3405 1088 3466 Abrah.
1101 3404 1272 3465 Gronovius
1285 3422 1389 3463 noram

295 3498 453 3557 editionem
478 3517 545 3558 cum
569 3501 647 3559 notia
672 3519 749 3560 verr.
773 3518 898 3578 umque
922 3500 1085 3560 auctiorem
1111 3500 1238 3577 paravit,
1266 3500 1389 3579 primaru

299 3600 387 3661 1719.
404 3590 561 3667 utjuvenis
575 3592 783 3671 negligentium
807 3594 928 3653 aitemm
945 3592 1034 3661 1760.
1048 3602 1082 3652 ut
1095 3593 1192 3654 senior
1204 3594 1391 3673 diligentius:

296 3686 375 3747 unde
399 3687 511 3766 optima
533 3689 680 3766 processit
699 3688 798 3761 lectio,
812 3708 900 3768 quam
923 3689 1017 3749 secuti
1040 3708 1150 3750 sumna.
1191 3690 1391 3761 Praetereunt,

295 3792 328 3843 ut
341 3780 485 3855 futilibus,
500 3803 567 3862 quae
581 3784 609 3844 in
623 3783 782 3842 Germania
794 3802 814 3842 a
826 3802 887 3841 sec.
903 3798 1010 3845 xvru.
1024 3784 1142 3844 heunte
1152 3786 1285 3847 obtinere
1294 3805 1392 3864 eoepe·

295 3885 373 3949 runt,
388 3878 563 3938 editionibus
580 3881 598 3940 J
601 3879 729 3951 ancheri,
744 3890 773 3939 et
797 3898 864 3941 cum
879 3880 956 3940 notis
971 3880 1155 3941 Germanicia
1167 3881 1290 3953 sinceri,
1304 3880 1393 3940 dero·

295 3985 388 4051 garet,
401 3974 522 4053 pulchre
541 3974 693 4051 juventuti
716 3985 746 4035 et
770 3975 859 4036 literis
881 3977 1029 4036 consuluit
1048 3977 1097 4036 Jo.
1121 3976 1201 4037 Frid.
1223 3975 1391 4049 Fischerus,

294 4066 412 4128 edendo
432 4089 480 4131 nn.
505 4079 589 4140 1757.
603 4092 638 4130 ex
653 4090 711 4131 rec.
726 4072 887 4132 Graeaiana
898 4080 931 4131 et
943 4091 1010 4132 cunr
1023 4073 1089 4150 ejus
1104 4090 1140 4132 ao
1153 4073 1202 4133 Jo.
1217 4071 1296 4133 frid.
1311 4074 1390 4131 Gro-

295 4164 375 4223 novii
399 4166 483 4235 notia,
500 4167 598 4227 hhcho
619 4188 693 4227 narr.
715 4169 796 4229 lectt.
819 4170 1017 4248 Bongarsiano
1031 4170 1162 4230 auctiore
1176 4176 1247 4232 cett.
1262 4167 1398 4238 lautino,-
