3175 4909
444 353 600 406 susurris·
621 314 693 404 nra.
716 354 861 436 xsxvr.
885 359 967 406 car.
988 343 1021 406 3.
1137 353 1143 362 ·
1244 343 1311 410 981

211 497 450 549 beutoonoiomstr
464 497 492 550 id
502 498 570 564 quod
581 501 742 566 Modinspro
780 502 812 550 ad
825 501 901 552 istum
913 503 1014 566 Virgilii
1027 515 1128 551 versum
1141 501 1198 552 AEu.
1210 517 1256 553 ιιι.
1268 505 1310 555 ⁸⁰.

211 579 295 627 altero
305 583 334 626 et
344 576 501 626 rescribenti.
513 583 599 640 putat.
620 577 698 629 Vorst.
779 579 857 628 ‘Rex
888 578 978 638 Anius,
1006 592 1052 626 rex
1082 577 1150 627 idom
1180 579 1310 629 hominurn
1337 615 1341 623 .

245 655 315 710 Quod
325 667 357 702 en
365 651 545 717 oosmsootnnt]
553 653 623 703 lust.
631 654 744 704 arbitror
780 654 923 718 Phoebique
934 654 1052 703 sacerdos
1061 652 1077 715 ;'
1088 653 1234 716 ‘Majornus
1242 655 1310 704 euim

210 730 250 780 its
266 729 409 793 scripsisse,
426 743 448 792 o.
466 742 495 779 eo
513 745 534 779 r.
558 729 651 779 Faber.
684 730 743 780 Imn
778 730 836 778 hanc
847 729 1091 790 eratconsuetudo,'
1103 730 1192 793 inquit,
1203 731 1211 758 ⁶
1224 739 1252 780 ut
1264 743 1310 792 rea

210 806 324 856 ‘csusa'
340 805 384 856 liic
404 811 455 867 est,
475 803 596 854 morbus:
623 806 685 867 quod
711 820 742 854 ex
779 813 850 854 essm
869 805 947 854 etiarn
967 807 1096 865 sacerdos,
1118 808 1159 854 vel
1182 805 1311 870 pontifex.

211 881 449 941 comsumpserit:
465 880 581 943 Propter
591 880 664 930 illum
674 895 741 930 mor·
778 880 855 930 Unde
866 881 992 946 hodieque
1004 881 1053 944 [sic
1067 881 1134 930 euim
1147 883 1163 932 Ι.
1179 881 1245 930 huuc
1257 897 1312 932 cor-

213 957 281 1019 bum,
303 955 456 1021 vitiliginem
478 969 514 1006 sc.
537 963 646 1019 propter
665 972 741 1021 quam
778 957 834 1018 rigo
846 971 879 1005 cx
895 957 1050 1006 membranis
1062 957 1138 1020 vulgo
1151 965 1312 1021 corruptum,

212 1033 312 1095 expulsi
335 1047 369 1082 ex
390 1032 504 1096 AEgypto
533 1031 700 1095 fingebantur
726 1049 742 1083 a
779 1039 807 1082 et
821 1033 909 1095 inepte
921 1032 1116 1096 interpolatum]
1135 1033 1310 1096 Imperatores

209 1107 321 1170 dadonis,
341 1106 507 1169 factumest,
527 1113 558 1156 nt
579 1107 611 1156 ab
634 1109 742 1157 aliarum
778 1108 922 1158 Pontifices
946 1108 1074 1168 dicimus.¹
1101 1109 1205 1158 Modico.
1240 1107 1309 1158 Add.

211 1184 326 1247 gentium
368 1182 523 1233 commercio
564 1181 741 1232 abhorrerent.
779 1185 835 1234 Liv.
849 1198 869 1234 t.
880 1187 955 1234 20.l.
973 1183 1050 1236 Diod.
1062 1198 1107 1233 111.
1119 1189 1143 1233 5.
1167 1183 1258 1232 Nostr.
1269 1197 1310 1235 ιι.

213 1259 295 1308 Groeo.
778 1265 854 1312 ml.
880 1259 1124 1312 Casnub.adSnet.
1142 1258 1209 1324 nug.
1226 1264 1267 1310 rt.
1287 1266 1310 1310 1.

244 1333 380 1397 Convertit]
402 1332 539 1393 Absolute,
556 1345 613 1394 pro,
635 1345 744 1380 couren-
779 1339 856 1387 Rem.
1040 1331 1045 1344 '

211 1426 268 1461 sum
278 1418 329 1462 est.
361 1411 405 1460 lta
420 1410 483 1459 sall.
501 1408 594 1457 Catu.
609 1407 742 1469 ‘Regium
811 1411 915 1460 ductilis
935 1411 1048 1473 religiono
1066 1413 1198 1476 permisto]
1224 1413 1311 1466 strab.

209 1489 346 1552 imperinm
365 1487 392 1534 itt
420 1483 567 1547 superbiam
589 1482 742 1532 dominatio·
778 1487 1004 1550 dirosorrpopodms,
1028 1485 1067 1536 καὶ
1092 1491 1208 1544 θεοσεβεῖς
1232 1488 1308 1540 ὄντες.

209 1575 323 1627 nemque
334 1558 483 1611 convertit!
497 1558 542 1607 Sic
554 1558 609 1608 Cic.
619 1558 647 1606 iu
658 1559 742 1608 Bruto
779 1563 859 1623 Borg.
1180 1563 1181 1566 ’

210 1643 253 1689 18.
269 1642 294 1687 ².
326 1634 621 1685 montanismum.
634 1639 657 1682 1.
672 1634 742 1684 ‘Le-
815 1640 939 1704 Conlmo]
971 1639 999 1688 ll.
1018 1637 1146 1690 scribenti.
1167 1644 1312 1708 consuluere,

211 1727 257 1776 ges
267 1715 294 1764 in
306 1711 461 1763 contrarium
473 1713 597 1759 vortunt!
613 1709 678 1759 Tac.
689 1723 741 1759 ιιι.
778 1715 804 1763 ln.
816 1729 839 1764 e.
852 1716 995 1778 potentiam
1008 1716 1181 1779 acquisivere,
1198 1733 1248 1782 qino
1261 1721 1313 1782 sig-

211 1793 252 1839 29.
276 1790 283 1816 ¹
296 1788 475 1837 Diuturnitste
485 1786 511 1835 iu
526 1784 670 1849 superbitur
687 1800 743 1834 mn·
778 1789 885 1840 silicata
898 1791 1004 1840 verbum
1015 1791 1063 1840 lroc
1072 1789 1179 1841 Auctori
1189 1795 1311 1844 usitatum

211 1863 286 1926 ηυξ
296 1865 321 1914 lr.
335 1875 359 1911 e.
371 1867 494 1911 mututus.
529 1861 597 1910 Flor.
612 1874 644 1909 ιι.
662 1865 701 1910 to.
716 1865 755 1910 tl.'
779 1879 847 1928 esse,
857 1880 927 1928 supr.
940 1868 992 1917 nol.
1003 1866 1035 1914 ad
1049 1881 1131 1916 xvrtr.
1146 1872 1170 1916 t.
1184 1873 1207 1916 1.
1226 1877 1312 1918 osten·

210 1941 317 1992 ‘Quum
332 1938 428 1988 bellurn
444 1935 574 1985 sederet?
591 1935 636 1983 uhi
654 1935 742 1985 melio·
780 1955 836 1991 som
848 1947 895 1992 est.
912 1942 1051 1992 Bomeocor.
1074 1942 1181 1990 Certiss.
1193 1949 1234 1992 est
1245 1945 1312 2008 conj.

212 2029 254 2066 res
276 2015 337 2066 edd.
359 2016 464 2075 udorrt,
490 2011 515 2061 lt.
536 2025 558 2061 e.
589 2009 743 2060 sedsretors'
779 2017 937 2067 Berucccert
960 2019 1070 2081 legentis
1089 2019 1232 2068 rossotoeru
1269 2021 1313 2070 Co·

211 2092 280 2157 qood
291 2097 391 2141 rectum
408 2095 457 2138 ert.
489 2088 533 2138 Sic
548 2089 617 2137 euim
634 2092 663 2136 et
678 2088 743 2137 Pro·
779 2094 879 2141 olcsooro
890 2093 931 2141 hic
943 2094 1014 2142 locus
1027 2091 1112 2142 nullus
1124 2100 1173 2144 est.
1193 2093 1276 2144 Grato.

212 2170 286 2232 pert.
300 2179 345 2216 111.
364 2167 405 2215 ΕΙ.
422 2169 462 2215 18.
483 2165 619 2214 ‘Flamma
637 2179 687 2228 per
705 2165 742 2212 iu·
813 2168 880 2217 Car.
892 2180 934 2217 ιιι.
954 2169 994 2232 §l
1026 2169 1090 2230 Opes
1104 2171 1172 2230 groti
1190 2185 1221 2219 ex
1239 2171 1312 2220 recti·

211 2256 303 2292 censos
322 2242 399 2290 citios
418 2239 651 2290 sodsretortsrsss’
670 2241 742 2289 utin
778 2243 875 2304 galitas
894 2243 1035 2306 opololoumi
1056 2245 1159 2308 orauere]
1192 2248 1235 2296 De
1257 2245 1312 2295 bat·

212 2319 351 2370 Animadr.
374 2319 407 2368 ad
427 2319 498 2367 illum
520 2319 623 2382 politam
646 2335 662 2369 e
684 2318 743 2369 cod.
780 2333 861 2377 samo,
883 2319 1059 2381 opobalsamo,
1085 2335 1115 2368 ac
1136 2319 1312 2382 xylobalsamo

212 2397 270 2447 Pal.
290 2395 359 2446 eruit
368 2397 402 2444 V.
417 2395 449 2444 C.
468 2395 551 2446 Jsuus
571 2395 741 2444 liethardus:
779 2395 1001 2457 multapraeciure
1013 2393 1194 2445 Plimxtuin.
1217 2395 1313 2446 Lector

211 2474 288 2537 Agol.
299 2486 382 2522 xvrrr.
391 2476 431 2521 11.
448 2485 483 2520 ex
491 2471 742 2535 Vell‘Terupestas
780 2469 889 2534 cogitet,
907 2470 959 2520 utri
980 2469 1088 2519 Auctori
1106 2471 1165 2534 plus
1183 2469 1313 2520 tribuend.

210 2547 331 2597 sedarit!
349 2546 742 2597 NcoaliterMarcellin.1xrx.
781 2547 850 2596 Nam
869 2546 896 2594 iu
916 2546 1003 2595 multis
1024 2545 1100 2595 nimis
1123 2545 1252 2596 dissident
1269 2545 1313 2595 laio

209 2622 255 2673 ssu.
271 2623 444 2687 ‘Tempestas
455 2621 583 2673 mollivit!
606 2622 741 2686 addsop.
779 2623 879 2686 Trogus
893 2636 924 2671 ac
936 2620 1045 2670 Plinius.
1079 2621 1167 2684 Trogo
1185 2621 1313 2686 posterior

212 2701 309 2751 Notum
320 2701 353 2749 sd
364 2714 408 2750 ιιι.
420 2704 446 2750 t.
457 2705 482 2750 ti.
500 2699 577 2751 Beris.
781 2698 891 2760 Plinius,
908 2696 993 2746 Plinio
1013 2696 1149 2756 Justinus3
1171 2697 1179 2724 ‘
1193 2695 1313 2758 Spatium

243 2779 307 2840 §to
323 2777 404 2825 Arnus
419 2778 540 2840 urendos]
566 2776 599 2825 ln
615 2777 665 2826 dls.
681 2792 743 2843 quo·
779 2769 1314 2838 loct,’tnquitlusttnus,‘doceoramittto

210 2850 271 2899 donn
297 2851 436 2913 Bongsrsii
465 2851 602 2913 legebatur
626 2853 743 2901 Amanus.
775 2841 894 2912 jugera?
922 2847 1031 2910 Pliuins,
1055 2846 1190 2896 ‘Duobus
1221 2845 1312 2908 hortis,

210 2925 277 2973 Mihi
295 2938 347 2973 uou
364 2932 407 2973 est
424 2923 543 2985 dubium,
560 2925 621 2988 quin
635 2925 712 2975 litera
730 2943 743 2976 s
780 2925 864 2972 altero
876 2924 998 2986 jugerum
1016 2935 1068 2970 nou
1087 2921 1197 2984 amplius
1209 2933 1258 2969 xx.
1279 2922 1316 2968 al·

209 2998 270 3048 lruic
280 2998 339 3046 voci
351 2998 514 3062 adglutinatur
524 2999 558 3047 sit
568 3013 601 3047 ex
612 3001 743 3064 sequentis
781 3004 838 3047 lero
850 2996 1018 3059 pauciorum!
1041 2995 1106 3045 Haec
1118 2993 1185 3044 Plio.
1207 2995 1239 3044 Iu
1252 2995 1270 3046 J
1273 3009 1314 3045 ns·

210 3071 330 3123 voonbuli
346 3072 449 3133 initiali,
467 3073 572 3136 legique
589 3073 686 3123 debeat
697 3075 745 3124 Ar·
781 3071 836 3120 tino
848 3085 963 3120 errorem
981 3077 1083 3134 potant,
1100 3085 1158 3120 cum
1173 3070 1253 3121 etiam
1267 3071 1313 3120 La·

209 3162 267 3198 sos.
301 3148 344 3197 Sic
364 3147 431 3195 euim
452 3146 547 3197 Arosis
568 3162 662 3197 nomen
688 3163 744 3197 cor·
781 3145 870 3193 linitos
883 3147 948 3193 malo
962 3145 1066 3206 habeat,
1084 3146 1221 3194 ‘ducenta
1234 3145 1314 3194 millia

211 3223 313 3289 rupisse
323 3221 428 3271 barbari
441 3222 571 3272 ridentur.
586 3222 667 3282 Scies.
776 3221 890 3284 iugera‚'
902 3236 960 3285 pro,
970 3221 1083 3270 ducents
1093 3221 1311 3286 milliajugerum.

242 3298 385 3362 Semperque
403 3298 489 3347 exinde
508 3298 547 3347 liic
567 3300 629 3363 mos]
657 3298 744 3349 Aliter
781 3300 880 3352 lterum
899 3297 1031 3349 Justiuus:
1053 3297 1110 3348 ‘Et
1127 3299 1233 3348 arbores
1252 3311 1314 3363 opo·

209 3374 348 3438 veriusque
370 3373 478 3436 Josoplr.
501 3372 593 3439 lintiq.
616 3387 679 3424 xnr.
702 3379 742 3425 to.
780 3375 889 3424 balsami
900 3373 1008 3422 sormam
1026 3374 1133 3422 similem
1147 3375 1226 3438 piceis
1238 3375 1312 3425 arbo·

207 3449 382 3515 ‘thnidnm
397 3450 531 3514 principes
546 3450 622 3499 simol
639 3457 665 3499 et
681 3465 743 3515 pon·
781 3451 850 3500 ribus
861 3449 977 3500 habeut!
1004 3449 1249 3514 Plinins‚‘inppe
1268 3451 1313 3501 viti

210 3525 295 3576 tilloes
303 3531 398 3588 esseut,
406 3533 523 3589 tempore
532 3526 742 3576 Maccahaeorum
779 3526 886 3577 similior
895 3534 937 3576 cst
947 3539 1023 3590 quoru
1035 3525 1138 3588 myrto!
1171 3527 1247 3576 Unde
1265 3542 1313 3594 pro

211 3602 362 3666 primofieri
379 3603 469 3666 coepit,
486 3603 632 3666 prasertim
650 3604 743 3666 prinoi-
776 3603 852 3664 piceis
869 3601 890 3652 f.
906 3603 1005 3666 myrteis
1024 3602 1127 3666 legend.
1145 3603 1203 3668 quis
1222 3619 1312 3653 censu·

211 3676 439 3742 putandumst,
450 3677 495 3741 qui
506 3679 743 3742 primuspriucips·
780 3679 841 3742 erit,
869 3678 938 3744 quod
959 3678 1003 3727 alli
1030 3679 1108 3742 pineis
1132 3679 1311 3728 emendarunt.

210 3757 267 3804 tum
277 3765 375 3801 summo
387 3753 551 3815 pontificatui
562 3756 705 3818 conjunxit,
715 3763 743 3806 et
779 3755 867 3805 Strab.
891 3767 949 3803 xrs.
977 3753 1084 3818 cythiso
1106 3760 1135 3804 ct
1158 3755 1311 3805 Termintlro

210 3828 331 3879 diademo
355 3824 405 3875 sibi
433 3827 562 3890 imposuit,
584 3830 658 3878 annis
684 3837 743 3894 port
780 3831 939 3894 persimilem
951 3828 1025 3878 dicit.
1045 3830 1115 3878 Glur.

210 3903 393 3969 captivitatem
404 3900 588 3964 Babylonicum
598 3905 666 3955 tut!
683 3907 743 3956 Ber.
815 3907 878 3969 Opes
886 3905 956 3964 gesti
966 3917 997 3953 en·
1007 3904 1161 3966 uectigalibus
1171 3903 1312 3966 opobalsami

246 3980 281 4028 Ul
298 3979 399 4037 eosdem,
417 3989 485 4037 reges
503 3981 526 4024 et
541 3981 680 4044 sacerdotes,
689 3981 743 4045 tm]
779 3979 884 4042 amere]
906 3979 1055 4029 Balsamum
1073 3981 1097 4028 in
1114 3978 1209 4030 Jodaea
1219 3993 1312 4042 prore·

209 4055 271 4106 Nou
283 4059 384 4104 tontum
394 4065 437 4114 sp.
448 4051 741 4116 iadapsmostatcfoit:
779 4055 847 4106 uisse
859 4067 968 4118 unquam
985 4062 1045 4104 sunt
1062 4055 1105 4118 qui
1121 4061 1228 4116 negent,
1244 4069 1312 4104 entu-

209 4129 362 4190 scdetiam,
378 4129 400 4176 sl
419 4127 480 4192 quid
498 4127 590 4178 Servio
604 4130 744 4194 credimus,
772 4143 830 4195 ¹apua
842 4143 953 4179 mercem
964 4129 1069 4179 aliunde
1080 4129 1242 4192 importatum
1254 4146 1311 4182 crc-

209 4205 446 4272 sustinentes.
478 4203 536 4254 tias
551 4203 584 4252 de
601 4219 629 4253 re
645 4207 682 4256 sic
699 4207 742 4258 ille
781 4205 853 4254 dant.
886 4203 986 4266 Sed‚ut
1004 4205 1029 4254 iu
1047 4203 1312 4268 AEpyprostnrsbts
