3175 4909
301 418 366 485 786
444 479 463 491 ,
650 435 755 488 uoto
780 435 1048 487 vauterannus

302 581 421 644 gibnsert
434 576 671 642 Europalutlslatn
688 577 833 640 trajeclsae,
868 592 934 639 rege.
970 578 1024 628 Sed
1052 578 1134 642 Boug.
1160 592 1194 629 ex
1218 580 1296 631 codd.
1322 583 1402 633 credo

301 656 429 723 quomodo
440 656 579 720 paterejus
590 655 703 705 Gordius
712 654 738 704 ln
753 655 833 717 Pliry-
870 653 937 702 lllss.
949 653 1033 703 edidit
1041 670 1129 716 regem.
1149 656 1276 706 Bernecc.
1287 666 1403 721 porroet

301 735 344 798 gia
363 732 478 782 Asiatica
497 746 605 796 regnare
624 730 756 794 potuerit?
779 730 834 779 Aut
870 728 987 778 Freinsh.
999 729 1098 794 aliquid
1109 731 1232 795 phraseos
1245 746 1296 781 aon
1308 734 1401 796 protri-

301 810 429 876 qnomodo
451 811 568 874 Phryges
594 815 654 860 aute
680 808 780 858 Midum
805 808 832 855 in
871 807 1163 872 tebiceasecrednnt;
1176 811 1402 876 qnodvidel.opaa

300 885 378 936 Aaial
396 887 455 935 Non
466 894 553 936 tamen
565 885 614 934 hoe
627 884 832 945 unnsdustinns,
868 898 922 933 non
937 885 1013 933 modo
1031 886 1157 948 datltnm,
1174 887 1221 936 sed
1233 895 1261 936 et
1272 888 1401 938 mensati-

301 963 384 1012 sedet
394 962 518 1012 Arrianus
530 970 557 1012 at
567 961 609 1011 alii
623 961 745 1026 produnt.
765 961 832 1010 Voss.
871 977 939 1026 snm,
960 963 1097 1014 adsciscat.
1137 963 1205 1013 ruini
1224 979 1287 1014 sero
1305 977 1339 1012 ex
1360 963 1400 1013 his

300 1038 373 1086 Voss.
385 1037 488 1101 legend.
501 1043 590 1086 censet
607 1038 747 1086 Telmisiaoe.
773 1037 832 1085 Nec
869 1040 973 1103 quidem
988 1040 1086 1091 Jnatiui
1102 1041 1129 1090 id
1147 1041 1250 1104 probati
1261 1055 1337 1104 posse
1347 1055 1399 1090 non

300 1114 381 1164 mullo
401 1115 477 1164 aliter
495 1113 632 1162 Blancatd.
652 1113 761 1162 Telmirsi
777 1111 830 1160 «τὸ.
870 1114 1038 1174 uidetur,sed
1048 1130 1127 1177 regem
1140 1129 1197 1164 esse
1213 1117 1400 1179 accusativum,

300 1189 378 1239 Hanc
394 1191 463 1238 enirn
479 1191 541 1239 lecl.
561 1187 663 1238 firmate
682 1187 832 1249 Attianum,
868 1188 1243 1253 quiterbomesascntecednt.
1262 1191 1398 1242 Quomodo

301 1264 563 1329 qui'l'elmisrenaium
582 1270 667 1313 salum
684 1263 726 1312 ltlc
743 1262 831 1313 uremi-
869 1263 981 1314 dicitnr:
1002 1265 1079 1313 ‘an
1098 1271 1126 1315 et
1147 1275 1237 1316 auctor
1256 1282 1321 1330 opus
1340 1267 1398 1332 est,'

299 1342 379 1403 uerit,
395 1349 423 1391 ct
439 1343 543 1405 puellse,
559 1356 616 1405 quse
629 1356 662 1390 ea
674 1348 759 1390 uatum
772 1353 831 1402 pro·
868 1338 906 1387 ita
925 1340 1003 1403 plane
1022 1346 1050 1389 et
1070 1340 1126 1388 Res
1143 1356 1201 1404 opas
1219 1346 1262 1391 est.
1295 1342 1398 1392 Deinde

301 1419 387 1482 genle,
399 1427 426 1468 et
443 1419 534 1484 oppidi
551 1420 576 1468 in
594 1435 645 1484 quo
660 1419 722 1470 lori
733 1416 831 1468 sacrifi·
869 1416 930 1480 qnia
946 1430 988 1479 ap.
1006 1415 1075 1466 Just.
1095 1418 1221 1479 praecedit
1241 1419 1398 1482 ‘responde-

299 1495 354 1560 cati
360 1495 476 1558 jusserit.
502 1495 590 1545 Verba
598 1495 703 1546 Attiani
713 1510 746 1546 tt.
754 1502 830 1545 sant:
868 1490 947 1553 nrnt,’
959 1505 1010 1540 non
1021 1490 1114 1540 mirum
1124 1493 1193 1556 quod
1210 1493 1268 1542 loco
1284 1494 1399 1542 nomina-

299 1569 368 1620 ’ἰέναι
383 1571 437 1635 [riv
449 1571 551 1635 Γόρδιον]
568 1572 709 1622 κοινώσοντα
720 1571 832 1635 ὑσέρσοῦ
867 1566 914 1617 tivi
932 1568 1037 1628 ponitur
1053 1569 1225 1630 accusativus,
1243 1569 1399 1634 diciturque,

299 1644 362 1696 deiru
370 1647 433 1709 παρὰ
442 1646 497 1697 τοὺς
506 1647 651 1708 Τελμισσέας
661 1647 716 1698 tois
725 1647 830 1709 μάντεις·
867 1645 1035 1705 mmmm
1044 1659 1123 1705 mem
1130 1659 1178 1694 m
1187 1660 1251 1708 017ss-
1269 1646 1398 1696 Nimirum

299 1719 357 1771 εῙνιιι
366 1722 413 1785 γὰρ
420 1721 475 1772 tols
484 1723 631 1784 Τελμισσέας
641 1723 730 1786 σοφοὺς
739 1724 771 1772 td
781 1725 832 1773 θεῖσι
868 1727 927 1783 post
939 1721 1045 1770 terbum
1056 1722 1170 1785 dicendi,
1181 1724 1310 1789 quomodo
1323 1724 1398 1787 alias,

300 1799 437 1860 ἐξηγεῖσθαι,
473 1800 595 1849 ceterum
616 1802 756 1850 Telmissus
779 1816 830 1850 non
867 1795 905 1844 ita
916 1810 985 1846 nnnc
995 1810 1105 1861 quoqne,
1116 1801 1222 1861 ponitur
1232 1801 1397 1850 nccnsatirns

299 1875 384 1924 ticina
392 1874 502 1933 Gordiu,
510 1878 830 1944 ntsecuudnmlvulgatent
867 1870 1072 1920 etlminfin‘ltivo·
1095 1871 1398 1939 Addismrdiiaaubaudi,

298 1952 360 2000 lect.
377 1950 469 2000 Nostri
490 1951 655 2000 statuendum
675 1959 763 2013 esset3
783 1952 829 2002 sed
867 1947 996 2010 tollendis,
1006 1949 1048 1997 vel
1058 1948 1141 1998 simile
1152 1950 1293 2013 quippiam.
1319 1951 1398 2001 vore.

299 2026 326 2074 in
345 2027 469 2076 extremis
491 2029 578 2092 nycte
601 2029 633 2079 ad
652 2044 724 2078 mare
743 2030 831 2092 posita
867 2025 1009 2076 Qnid‘unlt
1026 2025 1090 2074 illud
1107 2023 1250 2074 discordiis?
1266 2041 1309 2085 an,
1327 2027 1397 2090 quod
1485 2089 1492 2100 .

298 2101 358 2165 sitit,
369 2111 397 2153 ur
408 2117 441 2151 ex
451 2105 596 2154 Ptolemaeo
605 2113 633 2154 et
642 2106 712 2154 Mela
724 2105 828 2155 demon·
866 2099 1003 2149 dircordiae
1019 2102 1189 2164 postularent.
1207 2110 1328 2166 tanquam
1346 2105 1397 2153 sini

299 2185 365 2228 strat
376 2179 546 2229 Blancardus.
565 2182 634 2230 Vota.
866 2177 1055 2226 necessarium?
1069 2177 1397 2230 Huncsaoesensumaliaa

331 2256 378 2318 §8
397 2256 456 2304 Tota
464 2255 728 2326 pulorncoaditio,g·c.]
745 2257 830 2306 ‘Cen-
865 2252 944 2301 nabet
960 2253 1017 2302 lunc
1036 2253 1144 2313 locutio,
1167 2260 1198 2302 nt
1215 2269 1273 2303 cnm
1292 2254 1398 2320 dicitnr,

298 2328 376 2380 dllio'
391 2329 433 2380 ltlc.
449 2340 587 2393 usurpatur
598 2347 644 2393 pro
656 2333 829 2394 matrimonio,
866 2329 1139 2394 Opnamilripecnnie,
1148 2330 1222 2393 Opus
1232 2330 1328 2380 libieat
1337 2346 1397 2381 con·

298 2413 329 2456 ut
340 2407 425 2456 Plaut.
443 2407 532 2469 Slyclt.
544 2421 564 2460 ι.
575 2411 601 2456 2.
612 2411 653 2456 81.
681 2409 769 2460 ‘Quin
785 2422 829 2458 roa
865 2406 932 2457 silio.
966 2406 1396 2459 Alteroltasclnstinimenanon

298 2483 393 2546 capitis
408 2483 582 2534 conditionem
599 2499 632 2533 ex
647 2499 765 2548 pessuma
778 2485 829 2549 pri·
866 2489 1030 2546 potestesse.
1064 2485 1158 2548 Itaque
1174 2485 1213 2533 uit
1232 2483 1302 2534 doct.
1319 2491 1396 2548 putat

297 2559 427 2608 mariami'
446 2559 703 2611 Id.l'ruc.1v.ll.ln.
719 2562 828 2610 ‘Dicam
865 2562 931 2610 illud
941 2561 1066 2610 discordiis
1075 2561 1224 2624 explicand.
1238 2561 1284 2623 ita,
1294 2570 1323 2611 nt
1335 2561 1406 2630 snb·-
1460 2603 1471 2619 ,

297 2641 328 2683 ut
347 2635 423 2683 aliam
441 2635 616 2686 conditionem
636 2635 692 2685 filio
712 2636 829 2687 inueniat
866 2637 997 2698 audiatur,
1015 2635 1146 2696 tollendis,
1163 2637 1205 2685 rel
1223 2636 1284 2698 qnid
1303 2637 1395 2686 simile.

297 2710 368 2762 auor’
384 2718 411 2760 el
426 2712 541 2761 Tripum.
560 2725 581 2764 1.
601 2717 625 2764 2.
644 2717 701 2763 122.
718 2713 829 2763 ‘Habeo
866 2711 918 2759 Sed
937 2711 963 2758 in
981 2711 1026 2759 tali
1044 2711 1156 2758 fotrnnla
1171 2711 1317 2773 hujusmodi
1332 2712 1396 2776 qnid

297 2787 383 2836 dolent
401 2788 469 2836 unde
488 2787 556 2852 dem,
573 2789 610 2836 Ut
625 2803 681 2838 cam
694 2788 720 2836 in
731 2803 759 2836 ae
771 2787 827 2852 dig·
866 2781 961 2848 omitti,
980 2785 1050 2848 qrtod
1068 2785 1200 2834 subaudiri
1219 2786 1323 2849 debeat,
1343 2802 1395 2838 non

295 2877 356 2912 narn
373 2863 546 2922 conditionem
564 2862 706 2912 collocem!
716 2857 828 2912 'Graeco
865 2868 930 2924 puto
946 2875 1021 2925 posse
1037 2862 1090 2910 ullo
1105 2862 1156 2910 alio
1171 2863 1291 2925 exemplo
1302 2862 1397 2913 confir·

296 2937 409 3000 Proprie
420 2937 541 3001 loquitur.
574 2936 829 3000 Indelormnlnpet·
865 2937 938 2986 mari.
973 2938 1061 2989 Quare
1071 2945 1223 2987 certassem
1234 2938 1298 2988 illod
1308 2939 1397 2988 discar-

297 3020 376 3077 petua
394 3012 556 3063 renuntiandi
573 3013 745 3075 sponsalibus,
762 3027 828 3062 cou-
865 3014 913 3062 diis
927 3027 977 3062 uon
994 3013 1092 3064 institi
1110 3027 1178 3076 esse,
1194 3028 1281 3062 serum
1298 3015 1397 3077 glossa·

296 3101 479 3146 ustroustua
497 3102 553 3137 uos
571 3101 652 3142 unna.
686 3089 734 3137 Est
748 3088 829 3151 igitur
866 3091 938 3139 totis.
961 3089 1053 3153 Stleff.
1087 3091 1178 3152 Regem
1193 3091 1322 3140 discordiis
1338 3105 1396 3155 opas

296 3167 444 3218 ‘conditio'
460 3168 496 3216 nil
506 3157 576 3217 aliod
587 3181 663 3231 qnam
679 3165 828 3231 nuptiarum
865 3157 916 3220 erre
931 3170 996 3220 niltil
1011 3169 1081 3220 aliod
1099 3177 1139 3219 eat
1154 3185 1242 3235 quem,
1254 3170 1397 3220 discordias

296 3244 394 3308 pactio.
412 3242 499 3292 Faber.
865 3247 1000 3310 requirere
1012 3260 1109 3308 regern,
1124 3246 1194 3309 qnod
1211 3245 1280 3295 idem
1295 3253 1339 3296 eat
1354 3260 1396 3309 ae,

230 3307 237 3322 '
329 3322 343 3382 ᾗ
361 3325 392 3367 lu
405 3319 495 3380 Regem
502 3319 628 3368 discordiis
634 3333 692 3382 opus
700 3319 760 3382 erre]
772 3319 828 3369 Cic.
865 3321 1008 3372 discordias
1017 3323 1157 3388 sopiriona
1168 3322 1395 3384 possesinerege3

295 3393 328 3442 ad
338 3393 396 3443 Art.
407 3407 456 3442 xv.
464 3399 506 3444 20.
521 3394 691 3444 ‘Videomilti
699 3408 827 3458 opusesse
864 3398 941 3446 aienti
960 3397 1077 3457 dicimus,
1098 3397 1260 3459 Reipublicae
1285 3397 1396 3445 dictato·

296 3470 436 3520 viaticum?
452 3471 512 3528 Vid.
526 3472 593 3520 Non.
605 3472 657 3521 Hic
670 3473 748 3534 vulgo
759 3487 826 3533 rega.
864 3485 920 3520 rem
931 3486 996 3533 opus
1007 3485 1072 3530 esse,
1083 3487 1105 3520 a.
1120 3471 1270 3520 desiderate
1284 3471 1394 3521 dictato·

295 3545 423 3608 Bongats.
456 3547 540 3609 Vulgo
553 3561 619 3608 rege,
638 3560 689 3594 non
706 3549 826 3608 protritae
865 3561 927 3596 tem.
947 3547 1028 3596 Graes.

295 3625 418 3688 phraseos
442 3624 595 3686 ignorantia.
629 3621 718 3673 Plaul.
745 3623 826 3673 Truc.
897 3625 959 3686 §ll
976 3624 1016 3673 De
1032 3638 1131 3686 persnas
1149 3624 1225 3688 regis]
1243 3625 1295 3674 Ms.
1312 3624 1395 3674 habet

295 3699 383 3752 ‘'Quid
398 3699 441 3749 isli
458 3699 619 3762 suppositum
635 3713 743 3760 puerum
761 3714 826 3763 npns
863 3714 933 3761 rege:
946 3700 1394 3766 nndecolligotocemregiaqnoque

295 3777 411 3840 pessime
420 3777 438 3826 l'
454 3777 559 3826 Lus-ret.
568 3789 596 3826 v.
605 3779 664 3825 2³5.
688 3776 827 3826 ‘Nocere
864 3775 999 3837 irrepsisse
1009 3789 1042 3823 ex
1054 3777 1148 3838 glossa.
1159 3776 1231 3827 Just.
1240 3777 1393 3840 scripserat:

294 3851 457 3916 pitaculaeis
468 3865 532 3914 opus
544 3851 603 3900 est!
621 3851 681 3900 vio.
696 3851 765 3900 Non.
783 3851 826 3901 Ad
865 3851 958 3899 Iterato
974 3851 1131 3914 protestatus
1150 3854 1181 3900 de
1197 3867 1305 3915 persora.
1327 3850 1398 3922 Post¹

295 3941 350 3977 rent
360 3925 427 3976 facit
436 3927 499 3975 illurl
509 3927 574 3976 Tac.
584 3925 647 3980 Ap.
656 3931 680 3976 ll.
691 3931 730 3975 ll.
747 3928 754 3955 ‘
765 3928 825 3976 Non
863 3926 923 3974 roci
933 3926 941 3951 ‘
950 3930 1069 3988 persona’
1081 3925 1184 3989 adjecta
1192 3933 1234 3975 est
1242 3927 1326 3988 glossa
1336 3939 1394 3986 rege

294 4001 363 4052 aliud
377 4001 549 4054 discordantis
568 4002 659 4066 patrie
677 4003 828 4066 temedium,
863 4001 889 4049 in
907 4002 1004 4064 capite,
1020 4003 1093 4067 qrraai
1111 4003 1201 4064 vallet,
1217 4001 1394 4064 querentium

295 4078 652 4142 qnamutabunotegatut?
677 4081 826 4131 ErHist.r.
863 4076 978 4140 detege.
1011 4079 1077 4126 Τιιιιι
1094 4092 1152 4126 curn
1170 4077 1235 4124 alius
1252 4076 1395 4140 recepisset

295 4157 318 4202 l.
329 4157 354 4203 ὓ.
372 4153 432 4202 ‘Ad
445 4169 522 4204 unttm
534 4156 619 4204 omnia
637 4154 737 4212 referri,
755 4157 826 4220 pacis
862 4152 911 4200 lroc
923 4153 948 4200 in
961 4158 1071 4214 textum,
1083 4152 1278 4216 scripsisselqne
1288 4162 1393 4214 paaerea·

293 4227 419 4278 interest)
430 4231 531 4282 Bersera.
549 4231 826 4297 Antiquioresquldatn
862 4226 975 4277 illerde
995 4243 1095 4290 persora
1114 4243 1180 4290 rege,
1201 4228 1267 4277 alins
1289 4227 1393 4292 putavit

294 4303 364 4367 typis
385 4305 512 4369 expressi,
531 4313 559 4356 et
579 4307 673 4372 aliquis
691 4307 754 4358 item
772 4307 825 4359 Ma.
862 4304 1283 4368 emendandindeperroaoregir.
1317 4302 1393 4354 Glos-
