3175 4909
274 318 340 385 656
626 336 735 385 norm
759 336 963 388 vauronuu
989 337 1029 385 ru

273 476 525 541 magirsscytbsrum
534 489 592 539 pars
602 476 681 541 tergis
689 476 804 540 vulpinrn
842 476 1240 543 tunicaspambrsppellabsnt.
1255 478 1371 531 deducu

273 552 388 603 induitur
399 552 622 616 senariumque
634 561 706 603 tactu
719 554 806 603 mollis
842 566 946 617 possum
966 554 1010 604 bic
1027 554 1174 617 preterire,
1189 569 1247 619 quar
1268 554 1301 604 de
1322 556 1372 605 boc

274 635 303 677 et
312 626 523 690 impenetrabilia
534 628 616 677 ventis
627 628 712 677 sunti'
724 630 806 679 Hinc·
841 629 944 679 animali
956 630 989 679 ad
998 644 1041 679 nse
1053 630 1205 694 perscripsit
1221 631 1261 679 vir
1271 628 1372 680 divinus

274 716 324 767 qne
333 704 419 751 iucem
431 702 526 764 accipit
540 701 678 752 claudiani
694 718 730 752 ss.
742 703 804 752 ille:
842 704 876 754 cl.
887 704 1034 757 Salmasius.
1051 706 1212 767 Desinere,
1223 706 1316 770 iuquit,
1328 720 1373 755 ve·

274 776 381 827 ‘Castra
388 790 479 827 cruore
488 783 589 840 natant,
598 779 707 829 moritur
716 778 807 841 pellite
842 792 898 827 rum
915 786 966 840 est,
984 779 1053 843 quod
1072 779 1121 828 tibi
1139 780 1166 828 iu
1183 778 1303 828 familiari
1319 792 1375 828 ser·

269 852 414 915 Juventuse
438 852 597 903 Prudentius
613 860 699 903 antem
719 854 806 918 hujus·
842 854 984 903 mouedisi
985 854 1314 919 ,hodiequesPersisboc
1329 868 1374 903 uo·

274 925 343 975 modi
353 926 457 989 pellitus
469 927 808 978 sestesssnstrsmsridetnr
842 943 903 979 rnen
922 930 979 979 dari
997 930 1151 979 animalcqu
1170 929 1274 979 cuidam
1293 941 1373 992 perso

275 1016 380 1063 uocare,
389 1003 504 1055 dumiib.
516 1016 546 1053 ιι.
564 1011 648 1054 contr.
659 1004 806 1068 symmach.

275 1078 313 1128 sic
332 1078 420 1128 cauit.
437 1078 578 1128 ‘'lentasit
594 1078 704 1129 Geticus
723 1093 807 1143 nuper
843 1079 951 1131 selinon
962 1080 1087 1132 drssumlr
1103 1079 1294 1140 Aram-u·
1310 1078 1374 1129 disa-

275 1153 365 1204 delare
381 1161 506 1218 tyrannus
528 1153 641 1217 ltaliam,
660 1155 745 1218 patrio
765 1168 808 1205 re·
844 1172 905 1221 sacr,
931 1158 1006 1221 cnjus
1027 1159 1122 1222 pellem
1147 1157 1296 1207 calidiorem
1317 1170 1373 1205 esse

275 1228 349 1278 uleus
366 1229 470 1293 juratus
493 1229 526 1279 ab
548 1227 629 1290 Istro,
654 1228 711 1278 llss
735 1242 807 1279 arces
843 1233 947 1296 corpori
958 1233 1077 1295 humano,
1093 1248 1167 1298 qnam
1184 1232 1324 1296 cujuslibet
1336 1232 1373 1279 sl·

276 1316 380 1367 Otium
390 1303 453 1367 ⁸⁰¹⁰,
464 1309 534 1353 lecit
544 1316 624 1353 ΝΜ
634 1301 742 1353 flammis
751 1304 809 1354 Sol·
844 1309 925 1359 terius
935 1309 1061 1372 animalis,
1068 1308 1197 1369 scribunt,
1205 1307 1252 1357 sed
1259 1321 1309 1356 nec
1316 1305 1374 1355 eod.

275 1392 347 1440 vere,
362 1378 500 1428 mastrucis
519 1392 642 1442 proceres
656 1379 753 1429 vestire
769 1385 808 1429 to·
844 1384 920 1434 modo
930 1386 1083 1447 praeparari.
1110 1384 1180 1433 Puto
1191 1397 1259 1444 esse,
1270 1380 1374 1431 utillud

277 1458 366 1517 gatos!
401 1454 492 1517 Neque
503 1452 573 1502 alind
583 1453 711 1504 intellexit
720 1454 809 1505 Caesar
845 1460 1198 1523 mimudesoribunr‚qm
1206 1459 1321 1508 Martem
1332 1455 1376 1506 zi.

278 1532 310 1579 Β.
320 1531 355 1580 G.
365 1530 426 1580 dum
437 1529 522 1579 nescio
532 1544 594 1594 quos
606 1531 715 1594 populos
729 1532 737 1560 ‘
750 1532 809 1580 rbe-
845 1535 965 1585 bellinum
978 1535 1054 1598 vulgo
1067 1535 1237 1598 appellamus,
1254 1530 1375 1595 ilungarl

276 1606 404 1657 nunibus'
432 1604 470 1655 aii
494 1605 584 1654 vestiri
609 1606 708 1654 solitos.
740 1606 809 1655 Sunt
845 1616 874 1659 et
884 1610 987 1672 Pelopi,
1003 1605 1376 1673 Germaniquedobslvello·

276 1681 346 1731 euim
357 1688 384 1730 et
392 1680 419 1730 bi
430 1679 493 1729 nibil
503 1679 581 1740 aliud,
593 1693 668 1743 qnam
679 1680 808 1729 detracta
845 1684 889 1734 bel.
910 1684 963 1734 Sed
974 1691 1003 1734 ut
1013 1681 1059 1733 ieli
1069 1684 1160 1734 similis
1170 1685 1204 1733 sit
1214 1685 1271 1732 nac
1282 1680 1375 1741 bestia,

277 1755 340 1806 ieris
351 1756 441 1819 pelles,
461 1760 490 1803 nt
508 1760 581 1803 recte
594 1754 673 1804 tradit
683 1754 808 1804 Isidorus.
845 1773 896 1809 non
917 1759 976 1810 ideo
992 1766 1081 1809 tamen
1100 1758 1246 1809 sdrntmim
1264 1756 1377 1819 scriptu.

279 1832 346 1883 Mau.
364 1831 411 1881 Vir
421 1844 528 1895 magnus
538 1831 637 1880 munau
651 1830 692 1880 nic
703 1830 808 1894 legend.
845 1850 910 1899 ran,
920 1851 997 1901 quam
1013 1838 1040 1885 in
1058 1836 1177 1901 quibusd.
1193 1835 1297 1897 scriptis
1313 1833 1375 1884 Jus-

278 1908 381 1970 snadet,
396 1922 456 1957 cnm
466 1913 495 1956 et
506 1907 532 1956 in
542 1907 604 1957 Tac.
616 1905 650 1957 G.
661 1920 685 1957 c.
698 1910 738 1956 17.
755 1906 808 1956 sit:
845 1912 892 1962 tini
902 1912 1094 1975 exemplaribus
1105 1910 1213 1975 reperiri
1230 1910 1279 1969 sis,
1290 1908 1378 1969 felinis

278 1984 336 2033 ‘De
344 1983 454 2048 pellibus
464 1982 615 2043 belluarum,
623 1996 686 2045 quas
694 1981 810 2031 exterior
844 1988 1003 2037 aarum,
1035 1980 1376 2043 Qnissntmnonridsaab

279 2058 400 2109 Oceanus
410 2059 511 2123 εἰμὴ)
529 2058 577 2107 Vix
590 2058 746 2122 persuadet:
758 2072 810 2106 ms·
845 2062 967 2123 imperito
977 2062 1063 2123 aliquo
1071 2072 1129 2108 esse
1137 2058 1322 2119 excogitatam,
1330 2054 1375 2118 qui

278 2135 317 2199 gis
332 2134 466 2185 Turnebus
486 2133 553 2183 Λᾶν.
568 2146 615 2182 xv.
632 2138 673 2183 2⁸.
689 2131 809 2181 ‘mures'
845 2151 903 2187 enm
919 2134 1022 2184 rideret
1038 2134 1144 2184 nariam
1159 2132 1196 2182 lbi
1207 2132 1281 2196 peltas
1295 2130 1376 2181 nomi·

279 2207 398 2271 antiquos
409 2208 577 2271 intellexisse,
587 2221 637 2257 uon
649 2213 749 2257 tsutnn
764 2205 810 2255 do·
846 2212 910 2273 uari,
921 2212 1009 2261 statim
1020 2208 1218 2274 putaritfelians
1228 2222 1277 2273 pro
1286 2206 1377 2267 sericis

279 2280 468 2332 mesticasillas
483 2281 605 2331 bestiolas
620 2282 706 2331 omnia
717 2279 809 2330 roden·
846 2285 979 2349 dicenda,
996 2300 1060 2351 qu„
1081 2284 1181 2335 Auem
1196 2298 1248 2332 m
1266 2295 1377 2332 comme.

280 2364 320 2409 tes
339 2371 372 2406 so
393 2356 483 2419 penori
505 2354 628 2406 infestas·
649 2354 696 2405 ned
718 2363 746 2406 et
769 2355 810 2405 sil·
839 2362 975 2412 ‘morareti
993 2360 1072 2427 Atqui
1084 2368 1183 2410 certum
1195 2369 1232 2409 est
1248 2366 1311 2409 vett.
1329 2359 1376 2408 11·

279 2440 380 2484 miles
393 2429 513 2497 fotuque
528 2431 625 2482 blindin
638 2431 742 2481 minori!
757 2429 811 2481 fol·-
847 2438 913 2489 tillo!
931 2438 1040 2487 mnrium
1057 2437 1168 2499 nomine,
1190 2449 1249 2485 eum
1272 2448 1377 2483 mm

279 2522 328 2559 mse
341 2508 407 2573 pelle
418 2507 647 2559 commendabrles
667 2522 718 2572 qno
728 2522 754 2556 ιιι
766 2521 810 2571 ps·
831 2514 916 2586 pelles
935 2512 1037 2571 dixere,
1058 2517 1086 2560 et
1113 2509 1207 2558 feles
1199 2523 1279 2571 spsos,
1300 2521 1376 2557 omne

279 2585 719 2635 cerasuntmartssetbermelluaa.
736 2573 834 2632 Facit
847 2600 929 2650 genus
943 2586 1099 2635 domesticos
1114 2583 1242 2648 ferosque,
1259 2596 1377 2645 compre·

280 2660 330 2709 bne
348 2658 412 2708 illud
429 2658 489 2707 Seu.
505 2658 554 2721 Ep.
573 2670 617 2708 xc.
635 2661 675 2707 ⁸8.
692 2658 812 2720 ‘Magus
846 2660 975 2723 hendisse,
989 2665 1019 2709 ei
1036 2659 1135 2721 majora
1149 2657 1229 2707 etiarn
1248 2657 1378 2720 animalia,

279 2732 433 2796 Scytharum
446 2745 507 2794 pars
514 2732 581 2781 ’dum
609 2730 790 2793 Egrnbardus
783 2744 811 2779 nr
848 2746 954 2798 quornm
977 2733 1059 2795 pelles
1076 2731 1108 2780 ad
1128 2734 1251 2781 restitum
1270 2746 1378 2795 usurpa·

280 2810 335 2859 Vit.
348 2808 434 2859 Caroli
448 2808 486 2857 Μ.
504 2808 566 2857 ‘Ex
586 2806 694 2871 pellibus
709 2806 811 2857 lutrinis
847 2815 946 2858 rentur.
962 2807 1379 2871 cumpantlrcrasllosusuiumres

280 2886 323 2935 vel
331 2884 438 2935 murinis
446 2885 553 2934 thorace
562 2882 682 2933 confecto
691 2884 811 2933 humeros
848 2881 987 2933 Ail'icsnos
1013 2889 1150 2944 vocarunt,
1175 2896 1262 2932 nonne
1288 2895 1377 2931 esrum

281 2976 312 3011 sc
324 2958 665 3025 pecimbiememunlebat.'
682 2958 812 3009 Ammian.
848 2959 931 3023 pelles
950 2958 1063 3007 murinas
1083 2972 1158 3022 posse
1180 2958 1268 3007 vocari
1288 2956 1378 3007 carisi·

281 3039 398 3088 mus.
424 3034 526 3084 Huunls
546 3035 607 3084 item
625 3033 810 3085 ‘indumenta'
847 3034 978 3083 mileest?
994 3032 1064 3083 l’nte
1082 3041 1169 3083 tamen
1182 3033 1313 3085 Justiunm
1329 3044 1378 3095 per

282 3108 442 3163 tribuit‘ex
458 3108 568 3173 pellibus
584 3110 741 3161 silvestrium
757 3125 811 3161 mn·
846 3110 954 3159 marisca
977 3110 1049 3173 pelles
1069 3109 1227 3159 intellexisse
1250 3108 1378 3158 minorum

282 3186 348 3235 rium
359 3184 543 3237 consarcinatis
553 3186 571 3237 ι’
583 3186 626 3237 ubi
635 3188 718 3237 Notas
727 3186 813 3237 erudi·
848 3187 961 3237 omnium
967 3185 1123 3246 animalium,
1131 3193 1160 3235 ut
1170 3192 1233 3235 sunt
1243 3191 1380 3244 martum,

282 3260 394 3311 tissimas
411 3261 444 3311 V.
460 3275 483 3311 o.
503 3261 546 3311 Fr.
564 3262 746 3326 lindenbrogii
756 3262 811 3311 rid.
848 3262 938 3321 meles,
947 3260 1076 3323 telesfori,
1087 3262 1186 3322 snlpes,
1195 3259 1302 3307 simores
1312 3258 1380 3307 Par·

283 3336 405 3385 Getarum
416 3334 449 3383 de
462 3334 577 3397 pelliceis
587 3339 743 3399 tegumentis
761 3338 811 3386 buc
848 3336 922 3396 tlrlci,
933 3344 960 3384 et
971 3334 1031 3385 sila.
1062 3334 1116 3383 Per
1120 3334 1216 3394 serim
1225 3345 1297 3395 sero,
1306 3346 1381 3395 prun·

283 3408 444 3475 pertinentis
464 3410 551 3473 multa,
571 3423 620 3461 uec
642 3410 813 3474 aspernanda,
848 3411 949 3461 diorum
960 3409 1081 3470 serarum,
1097 3415 1127 3458 ut
1139 3416 1200 3457 sunt
1208 3407 1272 3471 lupi,
1282 3408 1379 3469 leones,

283 3484 414 3547 congessit
437 3484 546 3533 Hieron.
572 3484 673 3548 Magius
697 3484 812 3535 Minucii.
848 3483 978 3548 leopardi,
986 3490 1015 3532 et
1026 3482 1126 3532 similis.
1142 3480 1288 3531 Marcellin.
1300 3494 1379 3531 xxxr.

283 3572 327 3609 ιιι.
339 3564 363 3609 7.
380 3558 519 3609 Rememer.
553 3558 585 3609 ln
601 3558 720 3624 quibusd.
735 3558 813 3609 codd.
848 3565 875 3609 2.
891 3563 976 3618 notat,
994 3558 1125 3607 ‘lluunos
1141 3556 1300 3606 indumentis
1317 3571 1379 3620 ope·

283 3631 469 3697 legitorfsliais
479 3647 528 3697 pro
532 3632 629 3693 scrisis.
661 3634 754 3683 Totum
770 3647 815 3681 au·
850 3633 895 3682 riri
906 3631 1002 3694 liuteis,
1011 3632 1053 3679 vel
1063 3645 1097 3680 ex
1107 3631 1216 3694 pellibus
1222 3632 1380 3681 silvestrium

285 3714 338 3759 lem
354 3707 415 3758 b.l.
437 3709 474 3757 sic
489 3708 636 3757 emendarit
652 3709 684 3757 cl.
704 3708 813 3758 Salsum.
849 3708 960 3758 murium
975 3704 1177 3759 comminatis!
1210 3704 1253 3755 Ad
1269 3720 1344 3771 quem
1362 3706 1381 3754 l.

285 3782 403 3833 Lmsoeis's
418 3796 472 3832 ssssa
487 3782 548 3845 [dre.
559 3784 590 3833 V.
602 3784 686 3847 supa]
704 3784 813 3847 Scytbss
850 3782 933 3832 Henr.
953 3782 1041 3831 Vales.
1061 3781 1152 3831 scribit
1173 3778 1219 3829 iras
1247 3781 1381 3844 pelliculas

285 3860 365 3921 enim,
380 3858 434 3908 sire
445 3858 566 3921 Parthos,
580 3860 686 3909 murinis
696 3859 816 3923 pellibus,
851 3856 973 3908 odoratas
990 3855 1079 3918 fuisse,
1096 3862 1125 3906 et
1143 3856 1211 3905 citat
1226 3853 1380 3917 Hieronymi

285 3932 451 3985 conficiendis
461 3933 564 3995 tunicis,
571 3948 629 3983 usos
639 3933 727 3998 luisse,
736 3940 815 3984 testa·
851 3933 939 3995 verbs,
949 3947 1008 3997 qum
1018 3932 1052 3981 de
1062 3932 1113 3983 alio
1129 3932 1206 3995 piane
1220 3945 1294 3980 ruore
1302 3930 1385 3980 tutat-

286 4008 454 4072 turHesyeb
471 4006 618 4071 mmmm
632 4006 815 4072 Πάρθωικιιλιΐ·
850 4009 965 4073 iigeuda.
996 4008 1064 4058 Nam
1079 4007 1174 4057 animm
1185 4005 1286 4055 bloscbi
1300 4005 1380 4054 etiam

286 4082 327 4131 rai
338 4100 364 4130 rs
376 4082 433 4145 puls
445 4083 527 4147 ἄγριον
544 4082 612 4147 eidos,
629 4081 657 4134 oi
670 4086 722 4135 sais
739 4086 816 4149 bopois
850 4099 908 4134 mus
919 4089 969 4145 est,
980 4091 1007 4132 ct
1017 4082 1155 4133 Zlbetbosn
1166 4077 1268 4146 qnoque
1280 4094 1380 4131 murem

287 4160 389 4221 marm
413 4160 469 4223 spir
489 4162 596 4223 χιτῶσι
629 4160 816 4225 Huiuscemodi
851 4157 1035 4224 sppellaruut3
1050 4158 1096 4208 sed
1112 4170 1201 4208 eorum
1220 4156 1331 4221 peliibm
1346 4154 1380 4205 sd
