3175 4909
470 790 747 871 RECENSUS
781 792 1042 873 CODlCUM
1076 796 1197 874 MSS.

685 1031 978 1114 JUSTINI,
1031 1039 1036 1047 “

361 1272 425 1326 QUI
447 1271 487 1324 IN
505 1272 759 1325 einnlouflecls
775 1272 1013 1326 battuentem
1032 1271 1300 1327 Asenavuawa.

715 1538 948 1551 Ἣ

561 1745 687 1812 Codices
707 1747 740 1811 iu
767 1744 877 1813 Museo
908 1744 1105 1813 Britannico.

323 1880 543 1949 1000000,
560 1850 642 1970 rog.
665 1884 709 1947 ue
728 1882 771 1947 A.
789 1900 876 1947 xm.
908 1881 1035 1947 cusani
1053 1882 1143 1965 apoc.
1161 1882 1263 1964 moga
1278 1881 1379 1947 Pom-

279 1984 358 2065 peii.
375 1984 459 2050 Cud.
475 1988 655 2052 membran.
670 2004 751 2051 eaec.
768 2002 833 2050 xv,
856 1986 1045 2070 Prtetigitnr
1060 1984 1171 2050 ecdici
1189 1984 1286 2049 utilis
1309 2006 1380 2050 um-

208 2161 218 2183 .
277 2084 371 2148 nium
385 2085 556 2152 librorum
573 2102 681 2153 xm.
697 2088 860 2170 syllabus.

320 2188 365 2252 15
378 2186 418 2252 G.
432 2205 456 2253 1.
471 2190 547 2254 cod.
563 2190 772 2269 chartaceus,
785 2192 857 2256 410.
872 2210 931 2274 pp.
940 2190 994 2255 30.
1005 2190 1063 2255 001
1080 2190 1219 2257 titulus:
1241 2190 1282 2255 In
1293 2190 1379 2256 'Pru‘

277 2307 355 2369 gum
367 2289 570 2374 Pompeium
584 2292 656 2357 sive
665 2289 689 2356 J
691 2293 835 2358 ustinum
847 2292 1101 2377 Gburugrapbia
1111 2294 1154 2358 ad
1165 2292 1378 2358 excellentis-

276 2391 397 2457 simum
419 2400 454 2459 et
473 2392 736 2460 illustrissimum
757 2395 940 2460 Dominum
963 2394 1008 2460 D.
1036 2394 1230 2460 Eduardum
1251 2393 1377 2460 Wuliae

277 2493 488 2579 Principem:
512 2516 543 2561 a.
568 2495 663 2561 1546.
707 2494 857 2561 Auctore
879 2496 980 2561 Petro
1006 2495 1158 2561 Olivariu
1183 2492 1377 2561 Valentino.

277 2593 371 2661 Huic
387 2596 574 2681 subjicitur,
588 2604 627 2661 ut
641 2598 743 2663 etiam
762 2596 882 2681 puerili
905 2598 996 2662 aetati
1011 2606 1105 2681 apta,
1118 2597 1238 2661 similis
1252 2596 1378 2663 Gburu·

181 2719 185 2728 ·
274 2697 414 2781 graphia
428 2699 462 2762 in
477 2699 652 2782 Epistulas
668 2698 865 2763 Familiares
879 2698 1073 2764 Ciceronis:
1090 2699 1233 2764 01540.

319 2798 361 2862 10
396 2794 545 2863 Biblioti.
569 2794 666 2864 Hori.
694 2798 742 2863 N.
765 2799 862 2865 5070.
885 2800 962 2864 cod.
980 2800 1125 2865 cbartae.
1147 2798 1286 2879 Justini,
1301 2820 1379 2865 curn

275 2900 352 2965 aliis
367 2899 531 2966 Historiis
546 2906 580 2966 et
595 2899 822 2979 Orationibus,
837 2921 915 2967 emo.
940 2916 1005 2966 xo.
1028 2902 1064 2967 10
1088 2902 1194 2968 Italia
1211 2902 1379 2988 scriptus:

202 3044 204 3049 -
275 3001 378 3068 babet
389 3002 443 3067 bic
458 3009 495 3068 et
506 3002 585 3068 inde
599 3003 729 3071 indices
740 3004 950 3087 marginales.

319 3106 366 3171 N.
395 3106 492 3171 5279.
515 3106 592 3172 oud.
617 3106 799 3171 membran.
826 3105 1064 3185 1001101000.
1090 3123 1155 3172 xv.
1175 3106 1319 3172 illumin.
1343 3112 1378 3171 et
1470 3150 1478 3159 -

273 3207 437 3292 eleganter
450 3210 599 3294 scriptus
622 3209 745 3275 Italico
759 3210 960 3276 charactere.
1005 3211 1085 3276 Sine
1098 3212 1204 3295 gloss.
1217 3218 1253 3275 et
1265 3208 1376 3274 indice

273 3314 489 3505 111ᾚῖζῖοῑ
514 3415 648 3480 codices
667 3414 753 3479 inter
770 3412 867 3478 Harl.
890 3416 1070 3480 membran.
1091 3418 1125 3478 et
1146 3414 1291 3478 chartac.
1308 3412 1376 3477 ele·

273 3520 402 3598 gentes,
429 3534 537 3598 usqne
560 3517 604 3581 acl
626 3516 740 3581 (leuem
764 3535 920 3581 numeru:
942 3536 1073 3599 nempe,
1098 3514 1145 3579 N.
1161 3514 1260 3579 2487.
1277 3514 1376 3580 2057.

273 3617 372 3682 2705.
394 3617 494 3683 2718.
507 3618 606 3683 2740.
619 3618 719 3685 2762.
733 3619 832 3685 4009.
846 3618 944 3683 4822.
958 3618 1055 3682 4022.
1069 3614 1168 3681 5292.

318 3718 408 3783 Inter
423 3714 619 3782 Burneianus
633 3718 680 3783 N.
691 3719 768 3785 029.
783 3719 861 3785 cod.
876 3727 928 3783 est
940 3717 1070 3784 Jnsb'ni
1089 3716 1306 3783 chartaeful.
1317 3737 1375 3802 pp.

274 3818 349 3885 128.
361 3821 534 3887 nonnullis
549 3821 721 3887 sententiis
741 3822 876 3887 collatis
887 3842 963 3888 uum
981 3821 1129 3887 editione
1145 3820 1227 3886 Abr.
1243 3818 1376 3886 (10000-

273 3924 321 3989 vii
336 3941 413 4009 qnae
426 3923 531 4007 Lugd.
552 3923 631 3988 Bat.
645 3922 736 3989 edita
749 3924 813 3988 fuit
826 3924 925 3990 1700.

315 4026 389 4093 Alii
408 4034 537 4110 septem
560 4027 661 4093 codd.
683 4026 813 4093 Justini
837 4026 893 4093 hic
919 4034 1145 4105 asservantur,
1169 4023 1317 4089 chartac.
1341 4026 1376 4088 et

271 4131 449 4195 membran.
462 4150 577 4195 omnes
589 4130 744 4196 similiter
756 4130 916 4196 babentes
928 4148 1058 4214 paucas
1066 4146 1164 4212 pagg.
1178 4124 1319 4219 collutas
1332 4122 1376 4189 ad

272 4232 324 4297 ud.
342 4230 602 4301 Gronovianam.
