3175 4909
276 376 342 444 908
518 455 521 464 ,
621 390 729 438 uuum
754 388 956 438 vautoeurr
981 386 1021 436 ru

275 533 349 582 etionr
358 532 437 580 invido
447 536 468 580 et
481 527 570 580 crudeli
584 528 669 578 mimo.
702 527 805 578 Inuide-
845 542 878 577 ex
896 526 1026 590 legatione
1045 532 1099 576 tanr
1114 495 1222 589 pulcltre
1233 538 1282 588 pro
1293 539 1321 576 re
1331 539 1375 590 pa·

277 609 341 658 baut
361 606 501 658 Hamilcari
517 606 583 656 banc
601 604 714 667 laudem,
729 619 805 670 quern
846 604 904 653 trine
916 611 991 666 genta
1000 602 1049 652 ribi
1061 607 1208 665 pepererat.
1229 602 1310 653 Gran.

672 835 973 846 -———--—-———-

585 1039 592 1050 ’
663 1025 832 1102 LIBER
851 1026 997 1100 xxti.

312 1211 380 1263 Cau.
392 1225 411 1259 1.
433 1209 638 1274 erogationes]
657 1210 718 1272 teg.
730 1208 810 1258 Diod.
849 1211 976 1258 συντελεῖν.
1001 1208 1105 1258 Gronov.
1138 1207 1204 1260 Quia
1220 1206 1292 1256 illnar
1309 1205 1378 1255 acei-

278 1301 340 1338 xrx.
357 1290 477 1348 Borgnrr.
510 1286 631 1350 Itemque
646 1284 739 1348 Polyb.
756 1297 809 1334 rtur.
850 1287 909 1335 riti
942 1283 1380 1349 optimelunwcttuquiectei·

277 1367 302 1411 d.
313 1366 362 1412 tire.
375 1371 402 1412 et
412 1361 483 1412 Suid.
494 1362 568 1424 cujus
585 1362 630 1409 illa
646 1362 736 1422 rerba,
746 1359 774 1408 'li
789 1359 809 1409 δ’
849 1367 932 1425 tutent,
952 1363 978 1412 h.
997 1379 1020 1412 e.
1042 1376 1101 1412 conr
1116 1362 1211 1411 civium
1225 1373 1333 1410 numero
1349 1365 1379 1408 et

277 1439 378 1500 olel-fd
395 1435 440 1498 σές
458 1437 484 1486 τί
499 1439 519 1486 δ’
536 1438 578 1486 ode
595 1435 810 1499 luidb3nouert
850 1439 910 1488 albo
931 1438 1077 1503 adrcriptur
1092 1443 1168 1488 erret.
1187 1437 1268 1486 Gneo.
1300 1436 1378 1496 vulg.

279 1521 412 1564 essecutus
430 1514 567 1577 interpret.
601 1513 668 1562 Nem
681 1514 728 1563 boc
741 1512 810 1562 haud
850 1515 914 1564 lect.
933 1514 976 1564 rix
995 1521 1082 1576 potent
1094 1525 1231 1562 cererem.
1263 1509 1292 1558 la
1308 1510 1379 1560 enim

279 1589 357 1640 dubie
380 1591 428 1639 ribi
445 1591 546 1650 volunt,
563 1589 631 1653 quod
645 1589 695 1638 iata
706 1589 810 1638 Cicero·
850 1590 975 1642 ‘accitur'
985 1592 1091 1654 dieitur,
1102 1591 1146 1656 qni
1161 1596 1284 1640 evocatur
1295 1595 1337 1637 ert
1350 1587 1379 1636 in

279 1667 328 1729 nia,
344 1665 442 1715 Catari
461 1674 575 1714 nrutnum
591 1674 647 1714 cum
666 1666 810 1716 Nicomede
850 1666 991 1717 civitatem.
1030 1667 1067 1717 At
1094 1667 1172 1730 paolo
1196 1673 1258 1713 note
1283 1663 1380 1714 dieitur

278 1748 397 1804 atuprnm
414 1740 579 1803 objectantis,
598 1754 640 1803 ap.
658 1741 809 1789 Suetcaen
851 1742 1041 1793 ‘coneeeriaee'
1063 1755 1103 1803 eo,
1125 1741 1193 1807 qnod
1216 1741 1248 1790 ad
1267 1740 1336 1789 ultro
1351 1746 1381 1789 et

188 1816 191 1822 '
280 1821 322 1865 tu.
334 1820 359 1865 7.
382 1816 500 1865 ‘Notum
513 1821 564 1877 est,
581 1823 608 1866 et
623 1816 685 1878 quid
697 1816 739 1865 ille
753 1815 809 1879 tibi,
851 1821 1159 1884 apontesnaveoientern
1170 1819 1296 1885 pertinet.
1327 1817 1379 1867 sed

282 1891 382 1958 etquid
395 1891 432 1942 lili
445 1899 472 1940 tu
486 1890 608 1941 dederis!
628 1891 704 1942 Berrr.
850 1911 899 1946 nec
910 1897 962 1945 ulia
973 1909 1049 1945 cauae
1060 1903 1109 1958 eal,
1129 1911 1177 1944 cnr
1190 1895 1288 1943 accitur
1307 1892 1380 1942 credi

313 1970 327 2032 b
344 1973 359 2018 2
378 1968 470 2031 Quippe
481 1967 507 2016 r'rr
517 1967 600 2016 Sicilia
607 1967 811 2032 pairefigulorra·
851 1974 944 2036 poscit,
955 1974 999 2036 qni
1009 1986 1093 2037 neque
1108 1985 1162 2020 rem
1180 1984 1266 2034 neque
1283 1968 1380 2018 famam

279 2044 329 2107 trra]
347 2045 417 2094 Plut.
430 2043 716 2107 Apopb.id.Bongnrr.
740 2044 811 2094 Hinc
852 2048 945 2098 bonam
966 2047 1070 2098 lrabeat.
1102 2049 1191 2099 Quare
1218 2059 1265 2108 pro
1290 2044 1381 2093 acriter

280 2121 385 2183 elegera
402 2120 465 2167 illud
483 2119 591 2168 Antonii
607 2119 708 2168 doctiar.
726 2118 812 2181 poiitae
851 2123 907 2172 tine
926 2123 1005 2172 dnbio
1019 2123 1107 2172 nreitua
1121 2119 1302 2171 eatreribend.
1314 2119 1382 2169 Arci·

281 2195 372 2259 Epigr.
394 2208 456 2244 virt.
474 2195 547 2258 cujac
564 2195 658 2244 lemma
674 2203 725 2256 eat,
745 2195 813 2244 Ἐκ·
851 2203 892 2248 trra
903 2201 942 2248 rel
956 2200 1061 2249 madar
1077 2205 1127 2259 cat,
1144 2205 1281 2260 assumtus,
1299 2203 1326 2245 et
1343 2196 1381 2246 aie

280 2270 393 2321 hortatio
411 2269 445 2320 ad
463 2269 633 2330 modettlem,’
653 2271 691 2320 bia
705 2271 809 2322 verbio:
851 2275 912 2324 alibi
924 2276 1021 2326 Neuter
1031 2289 1091 2324 nana
1101 2281 1142 2324 eat
1153 2275 1179 2325 b.
1192 2273 1280 2322 verbo.
1316 2272 1382 2322 Hae

281 2347 379 2396 ‘Fama
400 2353 440 2396 ert
458 2345 581 2396 fictilibus
608 2360 723 2396 coenuero
742 2347 823 2411 Agna
851 2348 1382 2412 aeripueramolim,cnmvideoleettlrane

280 2424 384 2474 tlroclea
399 2424 594 2486 regentemque
606 2423 713 2473 abacum
725 2424 812 2473 Samio
851 2423 948 2474 flunari
967 2440 1014 2487 per
1037 2425 1112 2476 lunt.
1133 2425 1289 2488 probaticae
1310 2438 1326 2473 a
1349 2424 1383 2474 cl.

281 2513 351 2563 crepe
363 2512 483 2548 oneratae
493 2499 563 2548 luto:
581 2498 812 2561 Ferculapemrna-
853 2499 939 2550 Gru.
955 2499 1033 2558 Sem.
1066 2501 1137 2548 Pro‘
1147 2499 1384 2557 eonccatlaret'lra·

282 2576 315 2626 lia
340 2589 398 2624 cum
424 2579 533 2637 poneret
553 2572 656 2622 horrido
675 2575 758 2633 raala;
777 2575 813 2624 Et
854 2575 1035 2627 bet‘accean.'
1046 2577 1167 2624 vincent.
1178 2587 1206 2624 r.
1218 2581 1258 2625 ll.

281 2650 405 2700 mirceret
424 2662 487 2710 oper
506 2649 707 2712 pauperiemque
718 2649 810 2698 timul:
884 2652 898 2713 ς
917 2655 946 2700 ll
971 2649 1089 2711 ΕΜ]
1114 2651 1168 2698 Ma.
1187 2651 1318 2700 Μυκη.
1351 2651 1383 2701 ln

283 2724 418 2777 Querenti
439 2737 552 2783 caueam,
580 2722 724 2784 reapondit,
755 2723 813 2772 Rex
853 2732 959 2775 vetusta
976 2725 1029 2786 ed„
1044 2739 1119 2788 quarn
1132 2725 1329 2788 lurgdnnenrem
1350 2741 1383 2775 ex

283 2814 333 2863 ego
344 2800 449 2864 quinum
459 2797 666 2860 Sicaniae,tigulo
677 2811 732 2846 turn
742 2799 813 2860 peni·
854 2800 946 2861 lnrlgni
964 2801 1153 2863 typographico
1175 2801 1302 2864 auspicor,
1323 2803 1384 2851 dia·

285 2881 341 2926 tore
369 2883 450 2926 ratur.
495 2875 634 2923 Fortunam
661 2881 814 2922 reverenter
853 2888 924 2924 naor.
956 2874 1063 2925 Quidni
1084 2876 1247 2937 emam
1264 2877 1386 2927 summ

283 2951 361 3012 habe,
383 2951 538 3016 quicumque
556 2956 667 3013 repente
686 2949 769 3000 Direa
780 2949 814 2999 ab
854 2950 941 3012 legul
958 2951 1098 3000 Berreecer.
1123 2951 1321 3001 Nibilmutand.
1333 2953 1386 3003 AEt·

285 3028 347 3076 exili
357 3025 521 3090 progrediere
533 3021 606 3074 loco!
624 3023 692 3073 Mod.
855 3039 890 3075 na
907 3034 950 3077 eat
968 3026 1091 3090 oppidum
1108 3027 1144 3075 id.
1154 3040 1275 3090 nemone,
1284 3028 1327 3077 cul
1338 3029 1385 3078 im-

317 3105 363 3165 §8
382 3097 816 3163 Forna]l·i1rrrdlwebrperbrrml
856 3103 976 3167 potitum,
992 3104 1061 3152 unde
1080 3117 1173 3152 nornen
1198 3105 1336 3166 eortitnm3
1356 3110 1387 3154 ut

285 3179 528 3242 receperimus:
542 3178 618 3227 Diod.
627 3189 688 3227 xix.
696 3182 721 3226 2.
733 3179 814 3239 Borg.
856 3186 932 3241 patet
943 3193 977 3227 er
987 3178 1072 3228 strab.
1083 3177 1153 3227 Plin.
1162 3178 1276 3229 Ptolem.
1284 3187 1312 3228 et
1321 3180 1385 3230 aliia.

320 3257 449 3320 Exhibuit]
473 3255 534 3306 Vid.
547 3255 630 3305 Notae
645 3253 679 3304 ad
695 3267 733 3304 rx.
750 3259 776 3304 2.
792 3259 816 3305 l.
857 3255 898 3304 Ec
918 3262 980 3304 ante
1000 3253 1093 3304 Ioerra
1110 3253 1300 3316 appellabatur.
1320 3255 1386 3306 Vm.

286 3341 314 3384 et
336 3348 376 3384 ιι.
395 3337 435 3383 lo.
451 3337 476 3382 tr.
503 3333 643 3382 Bernerecr.
677 3344 718 3380 xr.
736 3334 776 3380 1⁰.
791 3335 817 3386 ll.
860 3330 957 3380 Urbem
968 3329 1070 3378 AEtnam
1080 3328 1115 3376 ab
1127 3329 1242 3378 Hierone
1254 3329 1386 3380 conditam

286 3408 400 3458 ‘illinere
416 3409 496 3455 uitam
512 3406 652 3472 emlbere'
685 3407 721 3454 Et
731 3407 739 3436 ‘
749 3409 819 3456 exbi-
859 3413 949 3456 cantat
964 3403 1092 3454 Pindrrnr
1102 3403 1173 3452 eirca
1184 3410 1302 3466 tempora
1311 3405 1387 3454 Darii

286 3482 363 3534 bere'
387 3481 422 3532 id.
441 3480 520 3545 qnod,
531 3486 686 3538 sustentare,
696 3481 817 3533 tolerare.
858 3481 1028 3544 Hystaspidae
1047 3486 1076 3529 et
1093 3479 1196 3528 Xerxir.
1227 3481 1324 3530 'lamen
1348 3496 1388 3532 re·

290 3558 391 3609 Dicunt
410 3567 439 3606 et
458 3555 598 3606 ‘exbibere
616 3555 740 3618 aliquem’
761 3571 818 3619 pro,
859 3563 1000 3606 atauratam
1012 3561 1113 3604 tanturn
1124 3554 1242 3606 arbitror.
1259 3557 1387 3622 Campani

289 3635 370 3694 alere,
382 3638 537 3682 rortentare.
565 3627 632 3680 'vid
645 3630 728 3682 Notar
738 3632 770 3682 ad
778 3644 818 3684 rx.
859 3638 955 3693 autem,
965 3632 997 3680 de
1006 3631 1167 3696 qniburmox
1175 3631 1304 3694 Jortinua,
1313 3643 1387 3684 erant

289 3711 348 3759 Μ.
370 3705 425 3756 Vor.
856 3708 948 3770 Siculi,
965 3707 1095 3756 nonitali.
1127 3706 1189 3758 Vid.
1200 3708 1296 3759 librum
1307 3709 1387 3760 admi·
1451 3737 1454 3742 ·

322 3788 370 3850 §d
392 3783 550 3848 adiciturque
570 3786 596 3836 itt
615 3784 748 3848 drumm]
776 3785 819 3835 lta
858 3782 1006 3832 rabilemP.
1019 3782 1134 3832 Clutorii
1143 3782 1287 3836 deSicllia.
1299 3785 1385 3836 Faber.

290 3865 342 3926 leg.
354 3875 400 3924 pro
411 3861 478 3924 rulq.
490 3859 587 3912 nroilun
613 3861 670 3912 Lir.
681 3874 765 3912 aaut.
776 3867 818 3912 bl.
858 3856 1106 3908 AEtroemacribend.
1117 3871 1169 3907 non
1181 3859 1325 3921 AEtaroqut
1334 3861 1388 3910 vnl-

289 3941 405 3990 ‘Vetere
431 3938 516 4002 patria
534 3938 634 4001 relicta,
657 3938 684 3987 in
705 3952 770 4001 eam,
791 3939 819 3988 in
860 3951 893 4000 qo
909 3936 1011 3986 editor:
1028 3935 1105 3985 AEtna
1119 3950 1172 3985 non
1189 3951 1263 3987 nrona
1277 3945 1388 4001 tantum,

290 4033 366 4084 quarn
395 4015 534 4076 redierant,
569 4013 680 4064 nondum
710 4013 821 4065 adroiti.'
860 4012 906 4062 red
918 4019 946 4062 et
955 4011 1080 4077 oppidum
1091 4013 1187 4062 Sicilire
1198 4012 1301 4062 dicitnr.
1329 4014 1386 4064 Ver.

290 4093 431 4144 ‘Adicitur
441 4089 468 4140 in
479 4087 623 4138 civitatem'
639 4089 742 4139 Graecia
757 4090 820 4140 dici·
892 4089 938 4139 Sui
956 4089 1120 4154 Syroournir]
1138 4089 1204 4138 lite
1221 4101 1301 4153 traque
1311 4088 1344 4138 ad
1354 4091 1388 4137 lo-

293 4177 336 4218 tor
351 4163 521 4230 δημοποιητόςς
538 4166 580 4215 rel
602 4172 632 4215 ut
649 4180 691 4228 ap.
714 4167 820 4218 Luciam.
859 4181 912 4216 errat
923 4165 1016 4215 ebrum
1026 4163 1220 4214 abonlrlibrlr:
1231 4166 1291 4228 qnia
1300 4171 1387 4214 tamen

294 4243 350 4294 Bia.
372 4243 468 4295 Accur.
484 4257 512 4307 p.
531 4243 587 4291 tlt.
605 4238 637 4290 ele
652 4239 822 4303 τὸμποκικὺν
859 4243 915 4292 aine
925 4241 956 4291 iit
966 4255 1057 4292 manca
1067 4247 1138 4292 erret
1148 4241 1242 4304 oratio,
1252 4248 1281 4290 ct
1295 4240 1321 4291 in
1336 4255 1387 4292 unc
