3175 4909
521 416 669 466 suerum
695 417 766 468 nse.
788 418 823 465 v.
846 419 928 466 uer.
949 405 982 468 4.
1242 405 1309 470 ⁷19

212 573 290 625 quesn
311 556 390 608 ermis
410 555 551 622 discepteri
568 562 681 620 creptum
699 564 741 608 est
777 557 875 608 hebent
892 559 1121 611 mmmmm.-
1138 563 1170 610 et'
1184 566 1308 626 rotcsy·
1373 546 1377 554 ¹

213 636 312 700 dejure
325 633 445 697 publice!
479 635 561 682 Porro
572 632 742 698 quadringeu·
778 635 819 698 pis
829 635 945 699 expressi
963 635 1044 685 Bech.
1061 642 1090 686 et
1098 635 1167 685 Siris.
1178 636 1307 688 aumar-

214 711 318 773 tisillis,
334 709 455 760 obdicets
466 708 643 770 Dementia,
661 709 742 772 impe·
777 713 859 762 does.
893 711 970 762 Unde
989 713 1023 762 cl.
1039 713 1111 766 Voss.
1130 713 1232 776 legend.
1249 729 1310 764 cen·

212 787 280 838 rium
302 787 470 851 permiserant
491 786 664 836 Athenienses
687 790 740 835 lum
779 793 821 836 set
830 788 890 836 Joss
898 786 964 835 Sesti
973 787 1108 838 liiisderss.
1142 788 1179 838 At
1193 803 1309 852 egemu-

213 877 271 912 cuns
287 862 314 911 lu
333 861 422 911 Sicilie
432 862 499 911 mele
515 875 567 911 rem
585 861 739 925 gessissent:
779 867 836 910 tete
858 863 1039 912 terminetione
1062 863 1148 913 uelim
1165 865 1224 914 does
1242 864 1309 915 Sesto

213 937 373 988 utcxliiod.
386 950 449 986 ιιιιι.
464 937 613 986 scirellcet.
635 937 692 987 Ver.
779 935 921 985 diisdsrss:
947 937 1067 998 quonism
1091 938 1117 986 in
1139 937 1309 994 eosdemse

245 1013 312 1062 Cen.
324 1025 362 1061 iv.
380 1013 417 1074 §1
438 1010 576 1074 dilationes]
590 1011 741 1074 imiimi,
778 1009 1006 1074 etentiqnioribns
1028 1013 1096 1075 typis
1116 1012 1247 1076 expressis
1267 1019 1310 1061 est

211 1095 240 1138 et
255 1087 296 1136 hic
318 1086 417 1152 sulgeti
432 1086 502 1136 libri.
517 1087 580 1136 Mes.
596 1085 740 1136 mman-
778 1084 878 1141 Ζώνη
894 1091 922 1134 et
938 1085 1001 1149 quis
1016 1101 1069 1135 non
1086 1087 1199 1136 insoleus
1210 1088 1309 1138 Nostro

210 1165 302 1213 werre.
334 1162 362 1211 Is
381 1161 465 1210 novell
476 1161 507 1210 ed
520 1161 641 1224 Cyzicum
654 1173 741 1224 pugne
778 1161 882 1209 nomine
897 1161 998 1210 urbium
1017 1161 1140 1212 secundos
1157 1163 1309 1212 declinetio·
1329 1198 1334 1208 .

211 1240 299 1303 periit.
333 1239 402 1288 Xen.
415 1252 435 1287 ι.
450 1236 548 1296 Ἕλλην.
581 1237 659 1286 Diod.
676 1250 739 1286 xm.
778 1235 827 1297 nis,
844 1235 867 1283 si
886 1242 970 1286 motus
989 1236 1016 1284 in
1035 1237 1095 1287 loco
1112 1243 1226 1299 notetur,
1245 1251 1309 1287 essu

212 1320 252 1364 il.
285 1313 545 1364 pressionem.
563 1312 741 1377 equibuslsls·
779 1315 855 1358 sexto
871 1325 978 1372 ponere.
1010 1311 1048 1360 Ut
1062 1325 1093 1360 ιι.
1110 1315 1149 1362 18.
1166 1318 1191 1362 d.
1216 1313 1308 1363 ‘Pons
1354 1367 1359 1374 ⁴

212 1389 287 1438 toriae
301 1389 354 1454 lsuj.
370 1387 453 1438 fusior
467 1388 607 1453 explicatio
618 1387 739 1452 peteuda.
779 1399 855 1450 quem
866 1387 911 1435 ille
923 1387 1016 1451 Abydo
1027 1385 1146 1441 secent?
1179 1389 1215 1438 Et
1226 1401 1308 1438 xvm.
1321 1445 1326 1454 Ι

212 1464 292 1526 Bong.
778 1467 804 1512 d.
812 1465 838 1510 8.
849 1463 930 1512 ‘Cum
941 1462 1046 1511 interim
1059 1476 1107 1512 rex
1113 1464 1180 1526 'ipro
1188 1462 1309 1512 decedit!

243 1540 302 1588 durs
310 1535 657 1599 Mindnrsseti'inmoinzus,
669 1536 741 1586 iace·
779 1535 815 1585 Et
823 1548 872 1586 xx.
884 1541 909 1586 t.
920 1540 946 1586 e.
961 1537 970 1564 ⁴
988 1537 1113 1586 corintho
1130 1545 1171 1586 est
1190 1539 1309 1588 nuntiate

210 1613 378 1663 demoniorum
394 1611 474 1675 duces]
491 1611 522 1662 iu
541 1611 657 1662 omnibns
675 1613 739 1662 Mes.
779 1610 904 1660 victoris?
936 1612 1018 1675 Bong.
1030 1619 1058 1662 ct
1073 1612 1198 1663 Bernecc.
1215 1627 1309 1663 nomen

212 1692 310 1754 legitur
339 1690 558 1740 Zestromisdures:
585 1689 654 1738 unde
682 1687 739 1740 fec:
779 1686 839 1748 loci,
860 1686 904 1736 ubi
923 1687 1059 1737 Minderus
1078 1694 1106 1737 et
1126 1688 1309 1738 Pherusbssus

213 1767 270 1814 Jom
293 1765 357 1814 Sesti
381 1766 507 1814 Minoum
523 1770 548 1814 et
565 1763 740 1828 Plenum,
779 1768 962 1824 expectemus,
973 1777 1078 1826 prorsus
1088 1764 1235 1826 neglexere.
1257 1765 1309 1813 Ve-

214 1842 263 1889 dio.
305 1840 372 1889 Nem
398 1839 423 1888 in
450 1840 622 1902 Hellesponto
644 1836 741 1888 l'ectenr
779 1851 835 1886 rum
854 1836 932 1887 facile
952 1838 1116 1901 intelligitur,
1132 1839 1193 1902 quie
1210 1838 1310 1888 Auctor

214 1927 271 1963 esse
293 1914 359 1962 hunc
380 1927 489 1976 pugnem
517 1927 576 1962 cum
606 1912 662 1974 elii,
687 1919 740 1962 tum
778 1913 912 1963 instructis
933 1913 991 1962 illos
1014 1914 1122 1963 neribus
1143 1922 1308 1976 exspectasse

213 1990 291 2038 etiem
303 1989 421 2038 Frontiu.
434 1988 515 2038 tradit
526 2001 558 2038 ιι.
569 2001 626 2050 cep.
638 1994 662 2038 d.
677 1987 741 2036 ‘Ai-
778 1989 879 2051 scribit,
896 1990 973 2038 euud.
987 1989 1102 2038 sdditum
1114 1990 1177 2040 item
1187 1991 1308 2046 voluisse,

212 2063 327 2115 cibiedes
338 2064 391 2113 dux
403 2063 597 2112 Atheniensium
605 2062 631 2111 in
640 2062 742 2113 Helles·
779 2064 824 2114 ubi
839 2066 1012 2128 espectsrlut.
1047 2065 1118 2115 Nihil
1133 2074 1221 2115 eutem
1239 2080 1308 2117 com·

212 2148 292 2205 ponto
309 2140 431 2190 adsersus
443 2140 612 2190 Numidarum
623 2146 650 2189 et
661 2141 741 2190 Luce-
779 2139 889 2202 modius,
905 2155 982 2204 quem
992 2142 1070 2193 Sesto
1084 2155 1128 2190 eos
1145 2147 1308 2204 expectasse.

213 2215 397 2266 daenrouiornm
419 2215 512 2265 ducem
540 2230 599 2265 eum
628 2215 741 2278 emplum
779 2215 878 2265 Notum
896 2216 930 2265 de
947 2223 1034 2266 cetere
1052 2222 1094 2267 est
1112 2211 1313 2281 pugnantium

212 2292 358 2344 exercitum
375 2299 404 2340 et
419 2291 505 2354 plures
522 2303 602 2340 neves
617 2285 744 2352 helreret,’
779 2290 812 2338 ed
823 2290 923 2341 Ionium
934 2297 961 2340 et
971 2292 998 2341 iu
1009 2290 1182 2356 Hellesponto
1192 2293 1308 2342 commis·

212 2369 261 2416 dec.
294 2365 347 2416 Sed
358 2367 520 2430 ineptissime
536 2373 578 2416 est
591 2367 646 2415 hec
660 2365 742 2414 Fron·
779 2364 930 2416 mminisse.
964 2364 1309 2430 lpseNosterinf.v.t.li.
1352 2397 1358 2415 .

212 2441 258 2490 tini
268 2442 329 2492 lect.
362 2441 426 2493 Quis
438 2443 508 2491 cuins
525 2455 637 2506 nequem
655 2440 742 2504 prodi·
779 2441 1110 2504 ‘Nonsyrecuserummed
1118 2441 1199 2490 lenire
1206 2442 1307 2490 Helles·

212 2517 260 2580 dit,
283 2517 409 2566 Numidas
433 2516 638 2567 Lecedaesuouiis
665 2531 742 2580 opens
780 2515 914 2578 pontique,
930 2514 1120 2577 meminerunt,'
1137 2516 1155 2564 i.
1175 2529 1200 2564 e.
1221 2529 1308 2566 rerum

213 2593 315 2641 tulisse?
349 2592 422 2642 Nihil
438 2593 682 2657 certiusest,quem
701 2605 742 2641 re·
779 2589 935 2653 splenicos
951 2598 979 2640 et
995 2591 1022 2639 iu
1036 2591 1206 2654 Hellesponto
1218 2591 1250 2640 eb
1261 2591 1308 2641 ΑΙ-

211 2667 340 2718 scribeud.
361 2681 427 2730 esse,
454 2669 565 2718 odomms
592 2668 741 2724 Mindarum,
779 2665 1032 2728 cibiedegestsruur.
1057 2667 1196 2716 Frontinus
1205 2681 1308 2731 quoque

210 2743 439 2793 Lucedcurusiorum
446 2745 536 2793 decem.
544 2743 622 2792 Voss.
639 2741 742 2792 lnMss.
766 2771 768 2778 ·
779 2752 810 2788 ιι.
820 2745 845 2788 d.
855 2738 908 2788 its:
918 2740 926 2766 ⁴
936 2739 1085 2790 Alcibisdes
1096 2740 1123 2789 in
1135 2739 1308 2804 Hellesponto

212 2819 337 2882 liungsrs.
358 2827 416 2868 eret
433 2817 648 2878 Zestromiedsrus,
661 2817 742 2881 scrip·
777 2813 1308 2879 sdversusMiudsruns[sicenimlegend.]

212 2902 270 2944 ture
291 2894 392 2946 vitiose.
425 2895 540 2958 leand.
562 2901 650 2944 eutem
672 2893 742 2944 Sesto
777 2887 1032 2940 lacedemoniorum
1049 2889 1218 2940 ducessrcusn
1228 2893 1307 2953 empl.

213 2970 348 3031 ddisdurus,
366 2973 407 3034 nc.
438 2971 506 3020 Sesto
521 2977 609 3020 entem
628 2969 740 3032 positum
778 2965 1089 3028 exercetplmsmlreb!
1106 2965 1307 3015 voceturetisnr

211 3045 342 3096 edintino
359 3045 409 3094 tots
428 3059 486 3109 pro,
500 3043 655 3096 reddentem
671 3041 751 3107 (qun.
777 3053 865 3102 pugne
883 3039 917 3090 ed
937 3041 1075 3104 cyzicum:
1102 3055 1154 3106 qne
1173 3040 1206 3091 de
1228 3039 1306 3088 Diod.

213 3119 273 3169 urbs
292 3127 333 3169 est
349 3119 563 3184 Hellespontiaca
581 3119 608 3169 ln
627 3132 674 3167 ore
690 3119 741 3166 En·
777 3127 841 3164 xus.
853 3120 893 3165 el.
907 3115 986 3166 Vorst.
1009 3117 1065 3166 Sub
1076 3116 1177 3167 Persici
1188 3118 1241 3180 huj.
1251 3118 1308 3166 Set-

213 3193 307 3259 ropoe),
324 3200 353 3244 ut
370 3195 431 3245 slibi
441 3195 533 3259 Abydo,
549 3208 608 3257 pro,
623 3193 655 3243 ed
669 3191 730 3256 Aby
777 3203 848 3253 repre
861 3190 983 3252 suspicils
997 3191 1111 3240 militare
1127 3205 1178 3240 non
1199 3193 1308 3240 erubue-

212 3269 272 3318 dum
291 3269 330 3334 (in
353 3283 398 3319 ers
416 3269 630 3333 Hellespontiaco
641 3267 740 3330 term:
777 3271 836 3313 rent
847 3263 1047 3326 Lacedaemonii,
1063 3264 1132 3314 uude
1151 3279 1203 3313 uon
1219 3266 1307 3315 ininte-

211 3358 244 3394 ιι.
262 3359 286 3395 c.
304 3346 368 3395 lt.‘
387 3344 439 3394 Sed
455 3344 545 3395 Greci
563 3343 653 3393 cudite
674 3342 741 3406 regis
778 3341 829 3390 rito
849 3341 918 3390 inter
939 3355 1028 3392 eornm
1054 3341 1135 3392 doces
1156 3349 1307 3392 numeretur

211 3419 274 3484 suge
294 3420 428 3469 consilium
446 3419 538 3469 ineunt
556 3418 643 3481 pontis
661 3417 740 3468 iuter·
776 3417 969 3469 Phsrnslrenus.
1000 3418 1314 3479 Eruditiss.1s.Vossius'

211 3493 358 3559 rumpendi,
380 3508 456 3559 quem
481 3494 526 3543 ille
548 3490 640 3557 Abydo
670 3493 741 3542 velut
777 3492 1307 3558 reponend.judicehet,uds.d1isdmsm

210 3571 294 3620 victor
315 3571 394 3619 meris
415 3567 534 3622 feceret.'
567 3569 612 3618 Sic
631 3571 659 3617 et
678 3567 740 3618 slibi
776 3567 869 3618 taes
885 3569 1307 3620 cutientsildsmecederetsnt·

211 3646 319 3710 ‘Cypro
330 3644 483 3709 exsulsbet,’
496 3659 554 3709 pro,
572 3659 614 3708 ep.
626 3646 740 3708 Cyprum
776 3640 900 3707 fragium,
921 3644 1049 3696 celculuns
1074 3645 1240 3695 libentissime
1261 3647 1308 3696 ed-

211 3722 259 3771 ins.
293 3721 338 3771 Sic
348 3727 376 3771 et
387 3732 435 3772 xx.
446 3725 471 3771 ⁸.
486 3722 494 3749 ⁴
506 3720 574 3770 Nem
585 3718 676 3770 eedem
687 3719 747 3781 die,¹
772 3717 894 3782 jecerim.
912 3720 990 3769 Ome.

212 3810 264 3861 que
283 3796 309 3845 in
327 3795 403 3847 Itslis
420 3804 562 3862 pugnatum
578 3802 629 3857 est,
645 3801 674 3844 et
690 3794 739 3844 Co·
808 3794 866 3842 Just
880 3792 949 3843 Seu
967 3794 1105 3859 Misimus]
1122 3798 1223 3860 Recepi
1240 3798 1306 3849 benc

209 3873 304 3936 rintlro,
319 3881 348 3922 et
364 3872 484 3934 Athenis,
504 3879 533 3922 et
553 3871 740 3922 Lacedaemone
776 3867 838 3917 lect.
861 3883 938 3934 quem
959 3869 1064 3922 firmem
1084 3873 1150 3922 Mss.
1172 3872 1251 3934 Aegl.
1277 3881 1307 3922 et

211 3951 329 3999 nuulists
350 3958 390 3999 est
412 3947 537 4000 victorie!
569 3948 653 3997 Porro
670 3947 740 3997 istud
777 3943 922 4006 probarunt
933 3943 1037 3994 Oxuun.
1060 3951 1089 3995 et
1106 3954 1167 3995 suto
1187 3961 1230 3996 eos
1242 3947 1306 3996 vm·

210 4023 438 4074 firmamentorum
450 4024 538 4073 delere
548 4023 638 4072 debes.
671 4024 738 4073 Nem
776 4020 858 4068 etius:
870 4020 906 4070 ls.
916 4027 1002 4071 temen
1011 4023 1103 4072 Vossio
1113 4024 1147 4083 sq?
1156 4021 1218 4070 edre
1228 4022 1311 4071 debe·

210 4098 395 4150 Pharnabazus
405 4099 541 4148 l'erserum
549 4105 666 4161 setrepes
675 4105 741 4160 eret,
778 4100 820 4144 tur
840 4094 896 4143 lens
916 4094 972 4158 huj.
999 4096 1193 4146 emendationis.
1232 4096 1305 4146 dunt.

211 4188 260 4223 nou
292 4173 345 4224 dus
382 4173 645 4226 Lecedremouicrum.
681 4173 740 4225 Fui.
777 4172 879 4238 quoque
891 4173 998 4236 perinde
1018 4179 1048 4222 ut
1062 4172 1136 4221 multi
1154 4171 1230 4221 codd.
1246 4172 1305 4223 ders

213 4247 294 4298 Codd.
307 4250 371 4300 Mes.
381 4263 478 4314 omnes,
490 4257 518 4299 ut
529 4249 740 4312 Bouptestetur,
777 4247 967 4299 thronidores
977 4254 1000 4299 et
1012 4245 1188 4298 reuredum
1202 4247 1289 4300 lires.
