<?xml version="1.0" encoding="UTF-8"?>
<!DOCTYPE html PUBLIC "-//W3C//DTD XHTML 1.0 Transitional//EN"
    "http://www.w3.org/TR/xhtml1/DTD/xhtml1-transitional.dtd">
<html xmlns="http://www.w3.org/1999/xhtml" xml:lang="en" lang="en">
 <head>
  <title>
</title>
<meta http-equiv="Content-Type" content="text/html;charset=utf-8" />
  <meta name='ocr-system' content='tesseract 3.04.00' />
  <meta name='ocr-capabilities' content='ocr_page ocr_carea ocr_par ocr_line ocrx_word'/>
</head>
<body>
  <div class='ocr_page' id='page_1' title='image "./historiaephilip04justgoog_0196.png"; bbox 0 0 3175 4909; ppageno 0'>
   <div class='ocr_carea' id='block_1_1' title="bbox 259 323 1129 408">
    <p class='ocr_par' dir='ltr' id='par_1_1' title="bbox 259 323 1129 408">
     <span class='ocr_line' id='line_1_1' title="bbox 259 323 1129 408; baseline -0.006 -18"><span class='ocrx_word' id='word_1_1' title='bbox 259 323 326 392; x_wconf 86' lang='grc'><strong>796</strong></span> <span class='ocrx_word' id='word_1_2' title='bbox 612 337 720 386; x_wconf 73' lang='lat' dir='ltr'><strong>norm</strong></span> <span class='ocrx_word' id='word_1_3' title='bbox 743 337 945 389; x_wconf 80' lang='lat' dir='ltr'><strong>vaatoaust</strong></span> <span class='ocrx_word' id='word_1_4' title='bbox 970 338 1009 386; x_wconf 85' lang='lat' dir='ltr'><strong>tu</strong></span> <span class='ocrx_word' id='word_1_5' title='bbox 1114 393 1129 408; x_wconf 24' lang='lat'>³</span> 
     </span>
    </p>
   </div>
   <div class='ocr_carea' id='block_1_2' title="bbox 258 477 1437 1000">
    <p class='ocr_par' dir='ltr' id='par_1_2' title="bbox 263 477 1364 546">
     <span class='ocr_line' id='line_1_2' title="bbox 263 477 1364 546; baseline -0.001 -12"><span class='ocrx_word' id='word_1_6' title='bbox 263 483 342 534; x_wconf 82' lang='lat' dir='ltr'><strong>Rern.</strong></span> <span class='ocrx_word' id='word_1_7' title='bbox 831 480 1065 546; x_wconf 60' lang='lat' dir='ltr'><strong>puteturpermulta</strong></span> <span class='ocrx_word' id='word_1_8' title='bbox 1077 477 1217 544; x_wconf 53' lang='lat' dir='ltr'><strong>frauder</strong></span> <span class='ocrx_word' id='word_1_9' title='bbox 1234 481 1364 533; x_wconf 66' lang='lat' dir='ltr'><strong>enaim-</strong></span> 
     </span>
    </p>

    <p class='ocr_par' dir='ltr' id='par_1_3' title="bbox 258 553 1437 1000">
     <span class='ocr_line' id='line_1_3' title="bbox 297 553 1362 620; baseline -0.004 -10"><span class='ocrx_word' id='word_1_10' title='bbox 297 561 401 610; x_wconf 77' lang='lat' dir='ltr'><strong>Mortem</strong></span> <span class='ocrx_word' id='word_1_11' title='bbox 410 554 594 620; x_wconf 65' lang='lat' dir='ltr'><strong>illacrymat]</strong></span> <span class='ocrx_word' id='word_1_12' title='bbox 612 553 665 604; x_wconf 80' lang='lat' dir='ltr'><strong>Alii</strong></span> <span class='ocrx_word' id='word_1_13' title='bbox 677 560 794 604; x_wconf 87' lang='lat' dir='ltr'><strong>eonstrn·</strong></span> <span class='ocrx_word' id='word_1_14' title='bbox 831 561 881 605; x_wconf 83' lang='lat' dir='ltr'><strong>ter.</strong></span> <span class='ocrx_word' id='word_1_15' title='bbox 914 555 993 604; x_wconf 86' lang='lat' dir='ltr'><strong>Hune</strong></span> <span class='ocrx_word' id='word_1_16' title='bbox 1013 555 1117 605; x_wconf 85' lang='lat' dir='ltr'><strong>Curtius</strong></span> <span class='ocrx_word' id='word_1_17' title='bbox 1128 556 1242 605; x_wconf 81' lang='lat' dir='ltr'><strong>nonduin</strong></span> <span class='ocrx_word' id='word_1_18' title='bbox 1260 564 1362 606; x_wconf 85' lang='lat' dir='ltr'><strong>seatuut</strong></span> 
     </span>
     <span class='ocr_line' id='line_1_4' title="bbox 263 629 1364 695; baseline -0.006 -7"><span class='ocrx_word' id='word_1_19' title='bbox 263 643 310 688; x_wconf 88' lang='lat' dir='ltr'><strong>unt</strong></span> <span class='ocrx_word' id='word_1_20' title='bbox 321 649 379 685; x_wconf 86' lang='lat' dir='ltr'><strong>oum</strong></span> <span class='ocrx_word' id='word_1_21' title='bbox 390 647 451 683; x_wconf 86' lang='lat' dir='ltr'><strong>casu</strong></span> <span class='ocrx_word' id='word_1_22' title='bbox 463 632 550 694; x_wconf 88' lang='lat' dir='ltr'><strong>tertio,</strong></span> <span class='ocrx_word' id='word_1_23' title='bbox 561 630 701 694; x_wconf 88' lang='lat' dir='ltr'><strong>dicuntque</strong></span> <span class='ocrx_word' id='word_1_24' title='bbox 712 633 719 659; x_wconf 78' lang='lat'><strong>¹</strong></span> <span class='ocrx_word' id='word_1_25' title='bbox 730 645 795 681; x_wconf 79' lang='lat' dir='ltr'><strong>ntur·</strong></span> <span class='ocrx_word' id='word_1_26' title='bbox 832 629 919 680; x_wconf 79' lang='lat' dir='ltr'><strong>atatia</strong></span> <span class='ocrx_word' id='word_1_27' title='bbox 928 645 1031 690; x_wconf 84' lang='lat' dir='ltr'><strong>annum,</strong></span> <span class='ocrx_word' id='word_1_28' title='bbox 1041 645 1100 680; x_wconf 89' lang='lat' dir='ltr'><strong>cum</strong></span> <span class='ocrx_word' id='word_1_29' title='bbox 1116 639 1266 694; x_wconf 87' lang='lat' dir='ltr'><strong>caperetur,</strong></span> <span class='ocrx_word' id='word_1_30' title='bbox 1277 647 1364 695; x_wconf 71' lang='lat' dir='ltr'><strong>egres·</strong></span> 
     </span>
     <span class='ocr_line' id='line_1_5' title="bbox 263 704 1363 773; baseline -0.004 -11"><span class='ocrx_word' id='word_1_31' title='bbox 263 711 285 762; x_wconf 88' lang='lat' dir='ltr'><strong>ti</strong></span> <span class='ocrx_word' id='word_1_32' title='bbox 295 705 477 773; x_wconf 70' lang='lat' dir='ltr'><strong>illacrymare!</strong></span> <span class='ocrx_word' id='word_1_33' title='bbox 510 704 586 756; x_wconf 90' lang='lat' dir='ltr'><strong>Unde</strong></span> <span class='ocrx_word' id='word_1_34' title='bbox 597 707 724 756; x_wconf 86' lang='lat' dir='ltr'><strong>Berneec.</strong></span> <span class='ocrx_word' id='word_1_35' title='bbox 735 720 796 754; x_wconf 91' lang='lat' dir='ltr'><strong>con·</strong></span> <span class='ocrx_word' id='word_1_36' title='bbox 833 721 889 758; x_wconf 87' lang='lat' dir='ltr'><strong>suun</strong></span> <span class='ocrx_word' id='word_1_37' title='bbox 900 721 957 757; x_wconf 85' lang='lat' dir='ltr'><strong>esse</strong></span> <span class='ocrx_word' id='word_1_38' title='bbox 968 707 1066 766; x_wconf 85' lang='lat' dir='ltr'><strong>scribit,</strong></span> <span class='ocrx_word' id='word_1_39' title='bbox 1081 716 1122 758; x_wconf 85' lang='grc' dir='ltr'><strong>ιι.</strong></span> <span class='ocrx_word' id='word_1_40' title='bbox 1140 711 1180 756; x_wconf 82' lang='lat' dir='ltr'><strong>te.</strong></span> <span class='ocrx_word' id='word_1_41' title='bbox 1199 708 1276 772; x_wconf 88' lang='lat' dir='ltr'><strong>eique</strong></span> <span class='ocrx_word' id='word_1_42' title='bbox 1288 706 1363 758; x_wconf 84' lang='lat' dir='ltr'><strong>Ocho</strong></span> 
     </span>
     <span class='ocr_line' id='line_1_6' title="bbox 258 780 1364 850; baseline -0.001 -15"><span class='ocrx_word' id='word_1_43' title='bbox 258 787 321 850; x_wconf 87' lang='lat' dir='ltr'><strong>jicit</strong></span> <span class='ocrx_word' id='word_1_44' title='bbox 331 793 359 834; x_wconf 88' lang='lat' dir='ltr'><strong>et</strong></span> <span class='ocrx_word' id='word_1_45' title='bbox 369 782 441 834; x_wconf 76' lang='lat' dir='ltr'><strong>hius.</strong></span> <span class='ocrx_word' id='word_1_46' title='bbox 453 783 551 833; x_wconf 84' lang='lat' dir='ltr'><strong>rectius</strong></span> <span class='ocrx_word' id='word_1_47' title='bbox 562 783 599 834; x_wconf 87' lang='lat' dir='ltr'><strong>its</strong></span> <span class='ocrx_word' id='word_1_48' title='bbox 615 783 676 846; x_wconf 71' lang='lat' dir='ltr'><strong>legi.</strong></span> <span class='ocrx_word' id='word_1_49' title='bbox 710 781 796 832; x_wconf 88' lang='lat' dir='ltr'><strong>Nobis</strong></span> <span class='ocrx_word' id='word_1_50' title='bbox 833 795 927 832; x_wconf 82' lang='lat' dir='ltr'><strong>nomen</strong></span> <span class='ocrx_word' id='word_1_51' title='bbox 943 780 1038 830; x_wconf 82' lang='lat' dir='ltr'><strong>fuisse:</strong></span> <span class='ocrx_word' id='word_1_52' title='bbox 1063 781 1115 830; x_wconf 85' lang='lat' dir='ltr'><strong>rid.</strong></span> <span class='ocrx_word' id='word_1_53' title='bbox 1135 781 1163 830; x_wconf 91' lang='lat' dir='ltr'><strong>in</strong></span> <span class='ocrx_word' id='word_1_54' title='bbox 1181 782 1293 832; x_wconf 88' lang='lat' dir='ltr'><strong>laudatis</strong></span> <span class='ocrx_word' id='word_1_55' title='bbox 1312 782 1364 834; x_wconf 89' lang='lat' dir='ltr'><strong>iilis</strong></span> 
     </span>
     <span class='ocr_line' id='line_1_7' title="bbox 264 846 1437 922; baseline -0.001 -11"><span class='ocrx_word' id='word_1_56' title='bbox 264 861 328 912; x_wconf 82' lang='lat' dir='ltr'><strong>nihil</strong></span> <span class='ocrx_word' id='word_1_57' title='bbox 338 859 454 910; x_wconf 87' lang='lat' dir='ltr'><strong>mutand.</strong></span> <span class='ocrx_word' id='word_1_58' title='bbox 470 859 588 921; x_wconf 77' lang='lat' dir='ltr'><strong>uidetpr3</strong></span> <span class='ocrx_word' id='word_1_59' title='bbox 606 865 645 908; x_wconf 83' lang='lat' dir='ltr'><strong>est</strong></span> <span class='ocrx_word' id='word_1_60' title='bbox 657 858 724 910; x_wconf 86' lang='lat' dir='ltr'><strong>eniuu</strong></span> <span class='ocrx_word' id='word_1_61' title='bbox 736 873 796 908; x_wconf 89' lang='lat' dir='ltr'><strong>con·</strong></span> <span class='ocrx_word' id='word_1_62' title='bbox 834 856 1242 922; x_wconf 84' lang='lat' dir='ltr'><strong>Obss.plura,qnibusl1icloous</strong></span> <span class='ocrx_word' id='word_1_63' title='bbox 1254 859 1369 910; x_wconf 86' lang='lat' dir='ltr'><strong>illustra·</strong></span> <span class='ocrx_word' id='word_1_64' title='bbox 1433 846 1437 862; x_wconf 63' lang='lat'><strong>⁴</strong></span> 
     </span>
     <span class='ocr_line' id='line_1_8' title="bbox 264 932 1365 1000; baseline -0.002 -12"><span class='ocrx_word' id='word_1_65' title='bbox 264 938 374 988; x_wconf 90' lang='lat' dir='ltr'><strong>structio</strong></span> <span class='ocrx_word' id='word_1_66' title='bbox 396 936 469 986; x_wconf 87' lang='lat' dir='ltr'><strong>facta</strong></span> <span class='ocrx_word' id='word_1_67' title='bbox 492 937 517 986; x_wconf 87' lang='lat' dir='ltr'><strong>ui</strong></span> <span class='ocrx_word' id='word_1_68' title='bbox 541 935 740 1000; x_wconf 75' lang='lat' dir='ltr'><strong>propositionis,</strong></span> <span class='ocrx_word' id='word_1_69' title='bbox 763 951 796 986; x_wconf 84' lang='lat' dir='ltr'><strong>ex</strong></span> <span class='ocrx_word' id='word_1_70' title='bbox 834 938 885 984; x_wconf 90' lang='lat' dir='ltr'><strong>tur.</strong></span> <span class='ocrx_word' id='word_1_71' title='bbox 926 932 1000 982; x_wconf 85' lang='lat' dir='ltr'><strong>Inter</strong></span> <span class='ocrx_word' id='word_1_72' title='bbox 1027 933 1077 982; x_wconf 84' lang='lat' dir='ltr'><strong>alia</strong></span> <span class='ocrx_word' id='word_1_73' title='bbox 1103 932 1220 983; x_wconf 75' lang='lat' dir='ltr'><strong>ostendit</strong></span> <span class='ocrx_word' id='word_1_74' title='bbox 1247 935 1365 986; x_wconf 79' lang='lat' dir='ltr'><strong>Curtium</strong></span> 
     </span>
    </p>
   </div>
   <div class='ocr_carea' id='block_1_3' title="bbox 265 1008 1443 1076">
    <p class='ocr_par' dir='ltr' id='par_1_4' title="bbox 265 1008 1443 1076">
     <span class='ocr_line' id='line_1_9' title="bbox 265 1008 1443 1076; baseline -0.002 -14"><span class='ocrx_word' id='word_1_75' title='bbox 265 1013 434 1076; x_wconf 83' lang='lat' dir='ltr'><strong>quauerbnm</strong></span> <span class='ocrx_word' id='word_1_76' title='bbox 445 1011 797 1076; x_wconf 77' lang='lat' dir='ltr'><strong>cstcounpouitutn,quoeque</strong></span> <span class='ocrx_word' id='word_1_77' title='bbox 833 1009 930 1058; x_wconf 84' lang='lat' dir='ltr'><strong>sentire</strong></span> <span class='ocrx_word' id='word_1_78' title='bbox 941 1023 1000 1058; x_wconf 86' lang='lat' dir='ltr'><strong>cum</strong></span> <span class='ocrx_word' id='word_1_79' title='bbox 1009 1008 1125 1070; x_wconf 77' lang='lat' dir='ltr'><strong>lustina,</strong></span> <span class='ocrx_word' id='word_1_80' title='bbox 1140 1023 1199 1058; x_wconf 85' lang='lat' dir='ltr'><strong>curn</strong></span> <span class='ocrx_word' id='word_1_81' title='bbox 1214 1009 1288 1058; x_wconf 85' lang='lat' dir='ltr'><strong>Darii</strong></span> <span class='ocrx_word' id='word_1_82' title='bbox 1301 1025 1368 1060; x_wconf 84' lang='lat' dir='ltr'><strong>uxo·</strong></span> <span class='ocrx_word' id='word_1_83' title='bbox 1439 1013 1443 1017; x_wconf 76' lang='grc'>’</span> 
     </span>
    </p>
   </div>
   <div class='ocr_carea' id='block_1_4' title="bbox 263 1083 1374 3874">
    <p class='ocr_par' dir='ltr' id='par_1_5' title="bbox 263 1083 1374 3874">
     <span class='ocr_line' id='line_1_10' title="bbox 266 1083 1365 1154; baseline -0.005 -16"><span class='ocrx_word' id='word_1_84' title='bbox 266 1102 355 1138; x_wconf 86' lang='lat' dir='ltr'><strong>castum</strong></span> <span class='ocrx_word' id='word_1_85' title='bbox 371 1095 488 1154; x_wconf 87' lang='lat' dir='ltr'><strong>quartum</strong></span> <span class='ocrx_word' id='word_1_86' title='bbox 507 1087 631 1152; x_wconf 79' lang='lat' dir='ltr'><strong>requirit:</strong></span> <span class='ocrx_word' id='word_1_87' title='bbox 649 1086 798 1150; x_wconf 76' lang='lat' dir='ltr'><strong>diciturque</strong></span> <span class='ocrx_word' id='word_1_88' title='bbox 834 1098 889 1134; x_wconf 83' lang='lat' dir='ltr'><strong>rem</strong></span> <span class='ocrx_word' id='word_1_89' title='bbox 899 1085 981 1134; x_wconf 85' lang='lat' dir='ltr'><strong>risam</strong></span> <span class='ocrx_word' id='word_1_90' title='bbox 997 1085 1077 1136; x_wconf 88' lang='lat' dir='ltr'><strong>semel</strong></span> <span class='ocrx_word' id='word_1_91' title='bbox 1097 1090 1195 1133; x_wconf 85' lang='lat' dir='ltr'><strong>tanturn</strong></span> <span class='ocrx_word' id='word_1_92' title='bbox 1208 1085 1241 1134; x_wconf 85' lang='lat' dir='ltr'><strong>ab</strong></span> <span class='ocrx_word' id='word_1_93' title='bbox 1252 1083 1365 1136; x_wconf 70' lang='lat' dir='ltr'><strong>Alexan·</strong></span> 
     </span>
     <span class='ocr_line' id='line_1_11' title="bbox 263 1160 1366 1229; baseline -0.002 -15"><span class='ocrx_word' id='word_1_94' title='bbox 263 1165 414 1229; x_wconf 75' lang='lat' dir='ltr'><strong>illacrynure</strong></span> <span class='ocrx_word' id='word_1_95' title='bbox 431 1170 539 1228; x_wconf 78' lang='lat' dir='ltr'><strong>mortem,</strong></span> <span class='ocrx_word' id='word_1_96' title='bbox 557 1178 615 1227; x_wconf 92' lang='lat' dir='ltr'><strong>pro,</strong></span> <span class='ocrx_word' id='word_1_97' title='bbox 633 1163 798 1228; x_wconf 83' lang='lat' dir='ltr'><strong>illacrymata</strong></span> <span class='ocrx_word' id='word_1_98' title='bbox 834 1161 882 1212; x_wconf 89' lang='lat' dir='ltr'><strong>dro</strong></span> <span class='ocrx_word' id='word_1_99' title='bbox 893 1161 984 1222; x_wconf 89' lang='lat' dir='ltr'><strong>tradit,</strong></span> <span class='ocrx_word' id='word_1_100' title='bbox 992 1161 1108 1225; x_wconf 82' lang='lat' dir='ltr'><strong>qoatnris</strong></span> <span class='ocrx_word' id='word_1_101' title='bbox 1116 1161 1142 1210; x_wconf 88' lang='lat' dir='ltr'><strong>in</strong></span> <span class='ocrx_word' id='word_1_102' title='bbox 1154 1160 1206 1209; x_wconf 85' lang='lat' dir='ltr'><strong>alia</strong></span> <span class='ocrx_word' id='word_1_103' title='bbox 1217 1160 1251 1211; x_wconf 91' lang='lat' dir='ltr'><strong>sit</strong></span> <span class='ocrx_word' id='word_1_104' title='bbox 1261 1170 1366 1212; x_wconf 85' lang='lat' dir='ltr'><strong>senten·</strong></span> 
     </span>
     <span class='ocr_line' id='line_1_12' title="bbox 266 1235 1367 1302; baseline -0.003 -12"><span class='ocrx_word' id='word_1_105' title='bbox 266 1240 293 1290; x_wconf 93' lang='lat' dir='ltr'><strong>in</strong></span> <span class='ocrx_word' id='word_1_106' title='bbox 315 1248 434 1290; x_wconf 86' lang='lat' dir='ltr'><strong>mortem.</strong></span> <span class='ocrx_word' id='word_1_107' title='bbox 473 1238 525 1288; x_wconf 74' lang='lat' dir='ltr'><strong>Inf-</strong></span> <span class='ocrx_word' id='word_1_108' title='bbox 546 1251 588 1288; x_wconf 84' lang='lat' dir='ltr'><strong>xt.</strong></span> <span class='ocrx_word' id='word_1_109' title='bbox 612 1243 652 1290; x_wconf 82' lang='lat'><strong>15.</strong></span> <span class='ocrx_word' id='word_1_110' title='bbox 674 1243 700 1290; x_wconf 83' lang='lat' dir='ltr'><strong>t.</strong></span> <span class='ocrx_word' id='word_1_111' title='bbox 723 1237 798 1302; x_wconf 85' lang='lat' dir='ltr'><strong>dicit,</strong></span> <span class='ocrx_word' id='word_1_112' title='bbox 834 1238 872 1288; x_wconf 87' lang='lat' dir='ltr'><strong>tis</strong></span> <span class='ocrx_word' id='word_1_113' title='bbox 881 1237 1037 1288; x_wconf 84' lang='lat' dir='ltr'><strong>Plutarchus</strong></span> <span class='ocrx_word' id='word_1_114' title='bbox 1045 1243 1074 1288; x_wconf 84' lang='lat' dir='ltr'><strong>ct</strong></span> <span class='ocrx_word' id='word_1_115' title='bbox 1084 1235 1191 1300; x_wconf 79' lang='lat' dir='ltr'><strong>Appion</strong></span> <span class='ocrx_word' id='word_1_116' title='bbox 1202 1236 1367 1300; x_wconf 85' lang='lat' dir='ltr'><strong>Plistonices,</strong></span> 
     </span>
     <span class='ocr_line' id='line_1_13' title="bbox 266 1310 1367 1380; baseline -0.003 -13"><span class='ocrx_word' id='word_1_117' title='bbox 266 1318 396 1367; x_wconf 84' lang='lat' dir='ltr'><strong>‘murtena</strong></span> <span class='ocrx_word' id='word_1_118' title='bbox 407 1313 681 1380; x_wconf 68' lang='lat' dir='ltr'><strong>lacrymisprosequi!</strong></span> <span class='ocrx_word' id='word_1_119' title='bbox 701 1315 759 1365; x_wconf 88' lang='lat' dir='ltr'><strong>Vor.</strong></span> <span class='ocrx_word' id='word_1_120' title='bbox 835 1313 881 1379; x_wconf 87' lang='lat' dir='ltr'><strong>qui</strong></span> <span class='ocrx_word' id='word_1_121' title='bbox 900 1312 1005 1363; x_wconf 85' lang='lat' dir='ltr'><strong>tradant</strong></span> <span class='ocrx_word' id='word_1_122' title='bbox 1024 1326 1058 1362; x_wconf 83' lang='lat' dir='ltr'><strong>ex</strong></span> <span class='ocrx_word' id='word_1_123' title='bbox 1077 1312 1197 1376; x_wconf 82' lang='lat' dir='ltr'><strong>Epistola</strong></span> <span class='ocrx_word' id='word_1_124' title='bbox 1213 1310 1367 1374; x_wconf 77' lang='lat' dir='ltr'><strong>Alexandri,</strong></span> 
     </span>
     <span class='ocr_line' id='line_1_14' title="bbox 273 1385 1366 1454; baseline -0.003 -13"><span class='ocrx_word' id='word_1_125' title='bbox 273 1433 282 1442; x_wconf 84' lang='lat'>.</span> <span class='ocrx_word' id='word_1_126' title='bbox 302 1391 466 1440; x_wconf 73' lang='lat' dir='ltr'><strong>Hammitutis</strong></span> <span class='ocrx_word' id='word_1_127' title='bbox 474 1389 555 1453; x_wconf 72' lang='lat' dir='ltr'><strong>mesu]</strong></span> <span class='ocrx_word' id='word_1_128' title='bbox 572 1391 637 1442; x_wconf 82' lang='lat' dir='ltr'><strong>dure</strong></span> <span class='ocrx_word' id='word_1_129' title='bbox 653 1392 697 1448; x_wconf 73' lang='lat' dir='ltr'><strong>riu</strong></span> <span class='ocrx_word' id='word_1_130' title='bbox 714 1399 799 1454; x_wconf 78' lang='grc' dir='ltr'><strong>φιλαι·</strong></span> <span class='ocrx_word' id='word_1_131' title='bbox 836 1402 967 1454; x_wconf 88' lang='lat' dir='ltr'><strong>nunquam</strong></span> <span class='ocrx_word' id='word_1_132' title='bbox 984 1387 1018 1436; x_wconf 84' lang='lat' dir='ltr'><strong>ab</strong></span> <span class='ocrx_word' id='word_1_133' title='bbox 1035 1385 1185 1437; x_wconf 78' lang='lat' dir='ltr'><strong>Alexandro</strong></span> <span class='ocrx_word' id='word_1_134' title='bbox 1197 1387 1276 1437; x_wconf 85' lang='lat' dir='ltr'><strong>risam</strong></span> <span class='ocrx_word' id='word_1_135' title='bbox 1286 1386 1366 1438; x_wconf 82' lang='lat' dir='ltr'><strong>fuisse</strong></span> 
     </span>
     <span class='ocr_line' id='line_1_15' title="bbox 267 1462 1368 1531; baseline -0.003 -15"><span class='ocrx_word' id='word_1_136' title='bbox 267 1465 365 1528; x_wconf 65' lang='lat' dir='ltr'><strong>omns</strong></span> <span class='ocrx_word' id='word_1_137' title='bbox 383 1473 412 1518; x_wconf 91' lang='lat' dir='ltr'><strong>et</strong></span> <span class='ocrx_word' id='word_1_138' title='bbox 428 1481 476 1531; x_wconf 89' lang='lat' dir='ltr'><strong>pro</strong></span> <span class='ocrx_word' id='word_1_139' title='bbox 492 1466 683 1521; x_wconf 73' lang='lat' dir='ltr'><strong>necessitudine</strong></span> <span class='ocrx_word' id='word_1_140' title='bbox 695 1465 738 1516; x_wconf 91' lang='lat' dir='ltr'><strong>illa</strong></span> <span class='ocrx_word' id='word_1_141' title='bbox 757 1481 799 1516; x_wconf 90' lang='lat' dir='ltr'><strong>so·</strong></span> <span class='ocrx_word' id='word_1_142' title='bbox 836 1463 909 1513; x_wconf 82' lang='lat' dir='ltr'><strong>Darii</strong></span> <span class='ocrx_word' id='word_1_143' title='bbox 925 1476 1051 1523; x_wconf 84' lang='lat' dir='ltr'><strong>uxorem;</strong></span> <span class='ocrx_word' id='word_1_144' title='bbox 1068 1477 1127 1527; x_wconf 82' lang='lat' dir='ltr'><strong>quse</strong></span> <span class='ocrx_word' id='word_1_145' title='bbox 1147 1462 1267 1528; x_wconf 82' lang='lat' dir='ltr'><strong>Epistola</strong></span> <span class='ocrx_word' id='word_1_146' title='bbox 1283 1462 1305 1512; x_wconf 90' lang='lat' dir='ltr'><strong>si</strong></span> <span class='ocrx_word' id='word_1_147' title='bbox 1324 1477 1368 1528; x_wconf 70' lang='lat' dir='ltr'><strong>ge·</strong></span> 
     </span>
     <span class='ocr_line' id='line_1_16' title="bbox 268 1538 1366 1608; baseline -0.004 -16"><span class='ocrx_word' id='word_1_148' title='bbox 268 1543 426 1607; x_wconf 80' lang='lat' dir='ltr'><strong>eistateque,</strong></span> <span class='ocrx_word' id='word_1_149' title='bbox 436 1557 493 1608; x_wconf 78' lang='lat' dir='ltr'><strong>quae</strong></span> <span class='ocrx_word' id='word_1_150' title='bbox 510 1543 579 1593; x_wconf 86' lang='lat' dir='ltr'><strong>iuter</strong></span> <span class='ocrx_word' id='word_1_151' title='bbox 593 1542 709 1592; x_wconf 81' lang='lat' dir='ltr'><strong>liomines</strong></span> <span class='ocrx_word' id='word_1_152' title='bbox 719 1543 798 1592; x_wconf 86' lang='lat' dir='ltr'><strong>inter·</strong></span> <span class='ocrx_word' id='word_1_153' title='bbox 837 1541 915 1591; x_wconf 84' lang='lat' dir='ltr'><strong>noina</strong></span> <span class='ocrx_word' id='word_1_154' title='bbox 923 1539 966 1600; x_wconf 87' lang='lat' dir='ltr'><strong>ait,</strong></span> <span class='ocrx_word' id='word_1_155' title='bbox 974 1539 1068 1589; x_wconf 87' lang='lat' dir='ltr'><strong>merito</strong></span> <span class='ocrx_word' id='word_1_156' title='bbox 1076 1539 1101 1588; x_wconf 87' lang='lat' dir='ltr'><strong>ei</strong></span> <span class='ocrx_word' id='word_1_157' title='bbox 1109 1539 1196 1602; x_wconf 91' lang='lat' dir='ltr'><strong>potius</strong></span> <span class='ocrx_word' id='word_1_158' title='bbox 1206 1538 1366 1588; x_wconf 85' lang='lat' dir='ltr'><strong>credendum</strong></span> 
     </span>
     <span class='ocr_line' id='line_1_17' title="bbox 268 1614 1368 1684; baseline -0.004 -16"><span class='ocrx_word' id='word_1_159' title='bbox 268 1619 351 1669; x_wconf 88' lang='lat' dir='ltr'><strong>cedit.</strong></span> <span class='ocrx_word' id='word_1_160' title='bbox 372 1619 539 1668; x_wconf 86' lang='lat' dir='ltr'><strong>‘Communia</strong></span> <span class='ocrx_word' id='word_1_161' title='bbox 558 1619 724 1669; x_wconf 83' lang='lat' dir='ltr'><strong>humanitatis</strong></span> <span class='ocrx_word' id='word_1_162' title='bbox 738 1618 799 1684; x_wconf 84' lang='lat' dir='ltr'><strong>jua’</strong></span> <span class='ocrx_word' id='word_1_163' title='bbox 836 1630 894 1666; x_wconf 87' lang='lat' dir='ltr'><strong>esse</strong></span> <span class='ocrx_word' id='word_1_164' title='bbox 905 1630 982 1680; x_wconf 86' lang='lat' dir='ltr'><strong>quam</strong></span> <span class='ocrx_word' id='word_1_165' title='bbox 998 1615 1054 1664; x_wconf 87' lang='lat' dir='ltr'><strong>aliis</strong></span> <span class='ocrx_word' id='word_1_166' title='bbox 1071 1614 1231 1677; x_wconf 83' lang='lat' dir='ltr'><strong>auctoribus,</strong></span> <span class='ocrx_word' id='word_1_167' title='bbox 1249 1626 1310 1665; x_wconf 80' lang='lat' dir='ltr'><strong>vera</strong></span> <span class='ocrx_word' id='word_1_168' title='bbox 1330 1614 1368 1664; x_wconf 87' lang='lat' dir='ltr'><strong>ait</strong></span> 
     </span>
     <span class='ocr_line' id='line_1_18' title="bbox 268 1690 1368 1758; baseline -0.005 -14"><span class='ocrx_word' id='word_1_169' title='bbox 268 1693 388 1746; x_wconf 80' lang='lat' dir='ltr'><strong>Ciceroni</strong></span> <span class='ocrx_word' id='word_1_170' title='bbox 416 1694 511 1744; x_wconf 89' lang='lat' dir='ltr'><strong>dicitur</strong></span> <span class='ocrx_word' id='word_1_171' title='bbox 535 1709 581 1758; x_wconf 89' lang='lat' dir='ltr'><strong>pro</strong></span> <span class='ocrx_word' id='word_1_172' title='bbox 603 1694 676 1744; x_wconf 82' lang='lat' dir='ltr'><strong>Flac.</strong></span> <span class='ocrx_word' id='word_1_173' title='bbox 699 1697 738 1744; x_wconf 91' lang='lat' dir='ltr'><strong>ll.</strong></span> <span class='ocrx_word' id='word_1_174' title='bbox 758 1708 799 1757; x_wconf 89' lang='lat' dir='ltr'><strong>pr.</strong></span> <span class='ocrx_word' id='word_1_175' title='bbox 837 1692 962 1756; x_wconf 87' lang='lat' dir='ltr'><strong>cuperus.</strong></span> <span class='ocrx_word' id='word_1_176' title='bbox 993 1690 1047 1742; x_wconf 79' lang='lat' dir='ltr'><strong>Sed</strong></span> <span class='ocrx_word' id='word_1_177' title='bbox 1065 1691 1109 1740; x_wconf 91' lang='lat' dir='ltr'><strong>alii</strong></span> <span class='ocrx_word' id='word_1_178' title='bbox 1128 1691 1183 1740; x_wconf 83' lang='lat' dir='ltr'><strong>siro</strong></span> <span class='ocrx_word' id='word_1_179' title='bbox 1201 1703 1300 1740; x_wconf 84' lang='lat' dir='ltr'><strong>summo</strong></span> <span class='ocrx_word' id='word_1_180' title='bbox 1315 1703 1368 1740; x_wconf 89' lang='lat' dir='ltr'><strong>non</strong></span> 
     </span>
     <span class='ocr_line' id='line_1_19' title="bbox 268 1763 1368 1832; baseline -0.005 -12"><span class='ocrx_word' id='word_1_181' title='bbox 268 1771 277 1798; x_wconf 79' lang='lat'><em>⁴</em></span> <span class='ocrx_word' id='word_1_182' title='bbox 290 1770 465 1820; x_wconf 72' lang='lat' dir='ltr'><strong>Humanitatis</strong></span> <span class='ocrx_word' id='word_1_183' title='bbox 477 1769 608 1832; x_wconf 69' lang='lat' dir='ltr'><strong>negotium</strong></span> <span class='ocrx_word' id='word_1_184' title='bbox 621 1768 726 1832; x_wconf 73' lang='lat' dir='ltr'><strong>perere&#39;</strong></span> <span class='ocrx_word' id='word_1_185' title='bbox 737 1768 800 1818; x_wconf 85' lang='lat' dir='ltr'><strong>dici·</strong></span> <span class='ocrx_word' id='word_1_186' title='bbox 836 1781 941 1830; x_wconf 80' lang='lat' dir='ltr'><strong>possum</strong></span> <span class='ocrx_word' id='word_1_187' title='bbox 952 1766 1115 1831; x_wconf 72' lang='lat' dir='ltr'><strong>adstipulari,</strong></span> <span class='ocrx_word' id='word_1_188' title='bbox 1126 1765 1189 1831; x_wconf 84' lang='lat' dir='ltr'><strong>qnl‘</strong></span> <span class='ocrx_word' id='word_1_189' title='bbox 1200 1763 1368 1830; x_wconf 81' lang='lat' dir='ltr'><strong>frequenter&#39;</strong></span> 
     </span>
     <span class='ocr_line' id='line_1_20' title="bbox 269 1841 1368 1910; baseline -0.004 -14"><span class='ocrx_word' id='word_1_190' title='bbox 269 1851 322 1906; x_wconf 70' lang='lat' dir='ltr'><strong>tut,</strong></span> <span class='ocrx_word' id='word_1_191' title='bbox 334 1845 377 1910; x_wconf 91' lang='lat' dir='ltr'><strong>qni</strong></span> <span class='ocrx_word' id='word_1_192' title='bbox 388 1844 500 1895; x_wconf 83' lang='lat' dir='ltr'><strong>cadauer</strong></span> <span class='ocrx_word' id='word_1_193' title='bbox 516 1845 624 1908; x_wconf 87' lang='lat' dir='ltr'><strong>sepelit:</strong></span> <span class='ocrx_word' id='word_1_194' title='bbox 642 1845 672 1894; x_wconf 72' lang='grc' dir='ltr'><strong>Ι..</strong></span> <span class='ocrx_word' id='word_1_195' title='bbox 685 1847 725 1894; x_wconf 85' lang='lat' dir='ltr'><strong>tt.</strong></span> <span class='ocrx_word' id='word_1_196' title='bbox 737 1845 761 1906; x_wconf 65' lang='lat' dir='ltr'><strong>i.</strong></span> <span class='ocrx_word' id='word_1_197' title='bbox 773 1847 800 1894; x_wconf 84' lang='grc'><strong>7.</strong></span> <span class='ocrx_word' id='word_1_198' title='bbox 836 1845 880 1896; x_wconf 79' lang='lat' dir='ltr'><strong>laic</strong></span> <span class='ocrx_word' id='word_1_199' title='bbox 906 1845 1018 1910; x_wconf 87' lang='lat' dir='ltr'><strong>positum</strong></span> <span class='ocrx_word' id='word_1_200' title='bbox 1045 1844 1177 1895; x_wconf 81' lang='lat' dir='ltr'><strong>existimat</strong></span> <span class='ocrx_word' id='word_1_201' title='bbox 1201 1857 1259 1905; x_wconf 90' lang='lat' dir='ltr'><strong>pro,</strong></span> <span class='ocrx_word' id='word_1_202' title='bbox 1279 1841 1368 1893; x_wconf 86' lang='lat' dir='ltr'><strong>ntnltis</strong></span> 
     </span>
     <span class='ocr_line' id='line_1_21' title="bbox 269 1917 1368 1986; baseline -0.004 -16"><span class='ocrx_word' id='word_1_203' title='bbox 269 1922 305 1972; x_wconf 90' lang='lat' dir='ltr'><strong>D.</strong></span> <span class='ocrx_word' id='word_1_204' title='bbox 316 1921 349 1970; x_wconf 87' lang='lat' dir='ltr'><strong>de</strong></span> <span class='ocrx_word' id='word_1_205' title='bbox 361 1921 485 1984; x_wconf 70' lang='lat' dir='ltr'><strong>Religion.</strong></span> <span class='ocrx_word' id='word_1_206' title='bbox 503 1920 565 1984; x_wconf 88' lang='lat' dir='ltr'><strong>quia</strong></span> <span class='ocrx_word' id='word_1_207' title='bbox 581 1919 701 1970; x_wconf 81' lang='lat' dir='ltr'><strong>memoria</strong></span> <span class='ocrx_word' id='word_1_208' title='bbox 713 1919 801 1968; x_wconf 82' lang='lat' dir='ltr'><strong>liuma-</strong></span> <span class='ocrx_word' id='word_1_209' title='bbox 838 1921 1019 1986; x_wconf 71' lang='lat' dir='ltr'><strong>praesentibus,</strong></span> <span class='ocrx_word' id='word_1_210' title='bbox 1044 1935 1104 1972; x_wconf 87' lang='lat' dir='ltr'><strong>oum</strong></span> <span class='ocrx_word' id='word_1_211' title='bbox 1123 1920 1159 1982; x_wconf 67' lang='grc' dir='ltr'><strong>τᾷ</strong></span> <span class='ocrx_word' id='word_1_212' title='bbox 1177 1917 1368 1982; x_wconf 77' lang='lat' dir='ltr'><strong>‘frequenter&#39;</strong></span> 
     </span>
     <span class='ocr_line' id='line_1_22' title="bbox 269 1992 1369 2061; baseline -0.002 -13"><span class='ocrx_word' id='word_1_213' title='bbox 269 2011 310 2048; x_wconf 72' lang='lat' dir='ltr'><strong>nm</strong></span> <span class='ocrx_word' id='word_1_214' title='bbox 322 1995 477 2048; x_wconf 82' lang='lat' dir='ltr'><strong>conditionis</strong></span> <span class='ocrx_word' id='word_1_215' title='bbox 488 1993 516 2044; x_wconf 90' lang='lat' dir='ltr'><strong>id</strong></span> <span class='ocrx_word' id='word_1_216' title='bbox 527 1993 599 2046; x_wconf 81' lang='lat' dir='ltr'><strong>tacit.</strong></span> <span class='ocrx_word' id='word_1_217' title='bbox 618 1994 650 2044; x_wconf 77' lang='lat' dir='ltr'><strong>L.</strong></span> <span class='ocrx_word' id='word_1_218' title='bbox 659 1998 701 2046; x_wconf 73' lang='grc'><strong>27.</strong></span> <span class='ocrx_word' id='word_1_219' title='bbox 719 1995 755 2046; x_wconf 85' lang='grc' dir='ltr'><strong>Ι).</strong></span> <span class='ocrx_word' id='word_1_220' title='bbox 767 1993 801 2042; x_wconf 89' lang='lat' dir='ltr'><strong>de</strong></span> <span class='ocrx_word' id='word_1_221' title='bbox 837 1997 880 2046; x_wconf 77' lang='lat' dir='ltr'><strong>dic</strong></span> <span class='ocrx_word' id='word_1_222' title='bbox 900 2011 951 2047; x_wconf 91' lang='lat' dir='ltr'><strong>uon</strong></span> <span class='ocrx_word' id='word_1_223' title='bbox 969 2003 1118 2061; x_wconf 87' lang='lat' dir='ltr'><strong>opponatur</strong></span> <span class='ocrx_word' id='word_1_224' title='bbox 1132 1994 1235 2058; x_wconf 84' lang='lat' dir='ltr'><strong>‘aolue‚’</strong></span> <span class='ocrx_word' id='word_1_225' title='bbox 1245 1993 1293 2044; x_wconf 88' lang='lat' dir='ltr'><strong>sed</strong></span> <span class='ocrx_word' id='word_1_226' title='bbox 1308 1992 1369 2046; x_wconf 77' lang='lat' dir='ltr'><strong>‘tc-</strong></span> 
     </span>
     <span class='ocr_line' id='line_1_23' title="bbox 270 2069 1005 2124; baseline 0 -2"><span class='ocrx_word' id='word_1_227' title='bbox 270 2072 375 2123; x_wconf 83' lang='lat' dir='ltr'><strong>Condlt.</strong></span> <span class='ocrx_word' id='word_1_228' title='bbox 386 2071 467 2122; x_wconf 91' lang='lat' dir='ltr'><strong>instit.</strong></span> <span class='ocrx_word' id='word_1_229' title='bbox 484 2069 550 2122; x_wconf 80' lang='lat' dir='ltr'><strong>Inde</strong></span> <span class='ocrx_word' id='word_1_230' title='bbox 562 2069 715 2124; x_wconf 79' lang='lat' dir='ltr'><strong>Quintilian.</strong></span> <span class='ocrx_word' id='word_1_231' title='bbox 726 2071 801 2120; x_wconf 88' lang='lat' dir='ltr'><strong>Deci.</strong></span> <span class='ocrx_word' id='word_1_232' title='bbox 838 2071 905 2124; x_wconf 66' lang='lat' dir='ltr'><strong>mel!</strong></span> <span class='ocrx_word' id='word_1_233' title='bbox 922 2072 1005 2122; x_wconf 74' lang='lat' dir='ltr'><strong>Grau.</strong></span> 
     </span>
     <span class='ocr_line' id='line_1_24' title="bbox 271 2143 1370 2211; baseline -0.002 -15"><span class='ocrx_word' id='word_1_234' title='bbox 271 2161 312 2196; x_wconf 82' lang='lat' dir='ltr'><strong>vs.</strong></span> <span class='ocrx_word' id='word_1_235' title='bbox 337 2147 454 2211; x_wconf 85' lang='lat' dir='ltr'><strong>corporis</strong></span> <span class='ocrx_word' id='word_1_236' title='bbox 487 2147 597 2210; x_wconf 83' lang='lat' dir='ltr'><strong>projecti</strong></span> <span class='ocrx_word' id='word_1_237' title='bbox 631 2144 801 2209; x_wconf 58' lang='lat' dir='ltr'><strong>‘Gadaum&#39;</strong></span> <span class='ocrx_word' id='word_1_238' title='bbox 872 2148 1017 2211; x_wconf 74' lang='lat' dir='ltr'><strong>Frequenter</strong></span> <span class='ocrx_word' id='word_1_239' title='bbox 1031 2144 1200 2208; x_wconf 67' lang='lat' dir='ltr'><strong>nnuman]</strong></span> <span class='ocrx_word' id='word_1_240' title='bbox 1216 2143 1370 2209; x_wconf 81' lang='lat' dir='ltr'><strong>‘Frequen-</strong></span> 
     </span>
     <span class='ocr_line' id='line_1_25' title="bbox 269 2218 1368 2288; baseline -0.002 -16"><span class='ocrx_word' id='word_1_241' title='bbox 269 2221 364 2286; x_wconf 82' lang='lat' dir='ltr'><strong>inquit,</strong></span> <span class='ocrx_word' id='word_1_242' title='bbox 375 2223 424 2272; x_wconf 81' lang='lat' dir='ltr'><strong>‘ab</strong></span> <span class='ocrx_word' id='word_1_243' title='bbox 432 2222 534 2272; x_wconf 87' lang='lat' dir='ltr'><strong>incursu</strong></span> <span class='ocrx_word' id='word_1_244' title='bbox 543 2221 628 2270; x_wconf 89' lang='lat' dir='ltr'><strong>avium</strong></span> <span class='ocrx_word' id='word_1_245' title='bbox 636 2218 802 2284; x_wconf 84' lang='lat' dir='ltr'><strong>ferarumque</strong></span> <span class='ocrx_word' id='word_1_246' title='bbox 839 2222 898 2288; x_wconf 80' lang='lat' dir='ltr'><strong>ter,&#39;</strong></span> <span class='ocrx_word' id='word_1_247' title='bbox 917 2237 975 2288; x_wconf 84' lang='lat' dir='ltr'><strong>pro,</strong></span> <span class='ocrx_word' id='word_1_248' title='bbox 993 2221 1167 2286; x_wconf 76' lang='lat' dir='ltr'><strong>praesentibus</strong></span> <span class='ocrx_word' id='word_1_249' title='bbox 1188 2221 1286 2284; x_wconf 84' lang='lat' dir='ltr'><strong>multis,</strong></span> <span class='ocrx_word' id='word_1_250' title='bbox 1303 2233 1368 2284; x_wconf 71' lang='lat' dir='ltr'><strong>prm·</strong></span> 
     </span>
     <span class='ocr_line' id='line_1_26' title="bbox 270 2296 1368 2362; baseline 0.001 -18"><span class='ocrx_word' id='word_1_251' title='bbox 270 2303 372 2348; x_wconf 85' lang='lat' dir='ltr'><strong>tantum</strong></span> <span class='ocrx_word' id='word_1_252' title='bbox 383 2297 559 2349; x_wconf 80' lang='lat' dir='ltr'><strong>miserantium</strong></span> <span class='ocrx_word' id='word_1_253' title='bbox 572 2311 669 2346; x_wconf 85' lang='lat' dir='ltr'><strong>corona</strong></span> <span class='ocrx_word' id='word_1_254' title='bbox 679 2296 801 2346; x_wconf 87' lang='lat' dir='ltr'><strong>custodit.</strong></span> <span class='ocrx_word' id='word_1_255' title='bbox 839 2307 913 2351; x_wconf 87' lang='lat' dir='ltr'><strong>sente</strong></span> <span class='ocrx_word' id='word_1_256' title='bbox 931 2301 1007 2351; x_wconf 83' lang='lat' dir='ltr'><strong>turbs</strong></span> <span class='ocrx_word' id='word_1_257' title='bbox 1023 2298 1101 2362; x_wconf 73' lang='lat' dir='ltr'><strong>regie.</strong></span> <span class='ocrx_word' id='word_1_258' title='bbox 1126 2298 1183 2347; x_wconf 87' lang='lat' dir='ltr'><strong>Lir.</strong></span> <span class='ocrx_word' id='word_1_259' title='bbox 1203 2311 1223 2346; x_wconf 94' lang='grc' dir='ltr'><strong>ι.</strong></span> <span class='ocrx_word' id='word_1_260' title='bbox 1240 2297 1368 2348; x_wconf 83' lang='lat' dir='ltr'><strong>‘Romam</strong></span> 
     </span>
     <span class='ocr_line' id='line_1_27' title="bbox 271 2371 1369 2441; baseline 0.001 -19"><span class='ocrx_word' id='word_1_261' title='bbox 271 2371 454 2424; x_wconf 76' lang='lat' dir='ltr'><strong>Convenerunt</strong></span> <span class='ocrx_word' id='word_1_262' title='bbox 465 2371 543 2424; x_wconf 85' lang='lat' dir='ltr'><strong>etiam</strong></span> <span class='ocrx_word' id='word_1_263' title='bbox 554 2371 633 2423; x_wconf 80' lang='lat' dir='ltr'><strong>alloni</strong></span> <span class='ocrx_word' id='word_1_264' title='bbox 644 2373 803 2437; x_wconf 84' lang='lat' dir='ltr'><strong>comploran-</strong></span> <span class='ocrx_word' id='word_1_265' title='bbox 838 2375 901 2426; x_wconf 89' lang='lat' dir='ltr'><strong>iude</strong></span> <span class='ocrx_word' id='word_1_266' title='bbox 911 2375 1065 2441; x_wconf 82' lang='lat' dir='ltr'><strong>frequenter</strong></span> <span class='ocrx_word' id='word_1_267' title='bbox 1080 2374 1218 2438; x_wconf 74' lang='lat' dir='ltr'><strong>migratum</strong></span> <span class='ocrx_word' id='word_1_268' title='bbox 1229 2380 1280 2435; x_wconf 84' lang='lat' dir='ltr'><strong>est,</strong></span> <span class='ocrx_word' id='word_1_269' title='bbox 1297 2387 1369 2436; x_wconf 88' lang='lat' dir='ltr'><strong>apa·</strong></span> 
     </span>
     <span class='ocr_line' id='line_1_28' title="bbox 272 2449 1370 2516; baseline 0.001 -19"><span class='ocrx_word' id='word_1_270' title='bbox 272 2454 327 2499; x_wconf 84' lang='lat' dir='ltr'><strong>tas:</strong></span> <span class='ocrx_word' id='word_1_271' title='bbox 355 2455 426 2502; x_wconf 87' lang='lat' dir='ltr'><strong>tutus</strong></span> <span class='ocrx_word' id='word_1_272' title='bbox 444 2449 471 2500; x_wconf 89' lang='lat' dir='ltr'><strong>iu</strong></span> <span class='ocrx_word' id='word_1_273' title='bbox 490 2450 665 2512; x_wconf 79' lang='lat' dir='ltr'><strong>spectaculum</strong></span> <span class='ocrx_word' id='word_1_274' title='bbox 690 2450 802 2514; x_wconf 89' lang='lat' dir='ltr'><strong>populus</strong></span> <span class='ocrx_word' id='word_1_275' title='bbox 839 2453 956 2504; x_wconf 83' lang='lat' dir='ltr'><strong>rentibus</strong></span> <span class='ocrx_word' id='word_1_276' title='bbox 975 2453 1085 2502; x_wconf 86' lang='lat' dir='ltr'><strong>maxime</strong></span> <span class='ocrx_word' id='word_1_277' title='bbox 1096 2465 1127 2500; x_wconf 91' lang='lat' dir='ltr'><strong>ac</strong></span> <span class='ocrx_word' id='word_1_278' title='bbox 1143 2450 1294 2516; x_wconf 77' lang='lat' dir='ltr'><strong>propinquis</strong></span> <span class='ocrx_word' id='word_1_279' title='bbox 1311 2464 1370 2514; x_wconf 87' lang='lat' dir='ltr'><strong>rap·</strong></span> 
     </span>
     <span class='ocr_line' id='line_1_29' title="bbox 271 2521 1370 2590; baseline 0.002 -16"><span class='ocrx_word' id='word_1_280' title='bbox 271 2521 367 2576; x_wconf 79' lang='lat' dir='ltr'><strong>effosus</strong></span> <span class='ocrx_word' id='word_1_281' title='bbox 376 2533 428 2588; x_wconf 84' lang='lat' dir='ltr'><strong>eat,</strong></span> <span class='ocrx_word' id='word_1_282' title='bbox 439 2532 467 2575; x_wconf 91' lang='lat' dir='ltr'><strong>et</strong></span> <span class='ocrx_word' id='word_1_283' title='bbox 486 2525 574 2588; x_wconf 70' lang='lat' dir='ltr'><strong>ignoto</strong></span> <span class='ocrx_word' id='word_1_284' title='bbox 586 2539 689 2590; x_wconf 88' lang='lat' dir='ltr'><strong>quoqne</strong></span> <span class='ocrx_word' id='word_1_285' title='bbox 699 2525 803 2590; x_wconf 87' lang='lat' dir='ltr'><strong>corpori</strong></span> <span class='ocrx_word' id='word_1_286' title='bbox 840 2534 943 2579; x_wconf 64' lang='lat' dir='ltr'><strong>tarum)</strong></span> <span class='ocrx_word' id='word_1_287' title='bbox 961 2529 1039 2578; x_wconf 85' lang='lat' dir='ltr'><strong>Vorst.</strong></span> <span class='ocrx_word' id='word_1_288' title='bbox 1057 2527 1166 2578; x_wconf 84' lang='lat' dir='ltr'><strong>Minime</strong></span> <span class='ocrx_word' id='word_1_289' title='bbox 1177 2527 1301 2589; x_wconf 77' lang='lat' dir='ltr'><strong>gentian.</strong></span> <span class='ocrx_word' id='word_1_290' title='bbox 1316 2526 1370 2576; x_wconf 82' lang='lat' dir='ltr'><strong>Hic</strong></span> 
     </span>
     <span class='ocr_line' id='line_1_30' title="bbox 270 2597 1370 2668; baseline 0.005 -22"><span class='ocrx_word' id='word_1_291' title='bbox 270 2600 376 2666; x_wconf 79' lang='lat' dir='ltr'><strong>publica</strong></span> <span class='ocrx_word' id='word_1_292' title='bbox 386 2599 533 2650; x_wconf 82' lang='lat' dir='ltr'><strong>humanitas</strong></span> <span class='ocrx_word' id='word_1_293' title='bbox 545 2599 617 2663; x_wconf 82' lang='lat' dir='ltr'><strong>qnasi</strong></span> <span class='ocrx_word' id='word_1_294' title='bbox 630 2599 752 2664; x_wconf 84' lang='lat' dir='ltr'><strong>quasdam</strong></span> <span class='ocrx_word' id='word_1_295' title='bbox 764 2597 802 2650; x_wconf 82' lang='lat' dir='ltr'><strong>se·</strong></span> <span class='ocrx_word' id='word_1_296' title='bbox 839 2604 1025 2668; x_wconf 82' lang='lat' dir='ltr'><strong>‘frequenter&#39;</strong></span> <span class='ocrx_word' id='word_1_297' title='bbox 1045 2611 1096 2663; x_wconf 87' lang='lat' dir='ltr'><strong>est,</strong></span> <span class='ocrx_word' id='word_1_298' title='bbox 1114 2615 1196 2665; x_wconf 79' lang='lat' dir='ltr'><strong>saepe,</strong></span> <span class='ocrx_word' id='word_1_299' title='bbox 1214 2607 1243 2650; x_wconf 91' lang='lat' dir='ltr'><strong>ut</strong></span> <span class='ocrx_word' id='word_1_300' title='bbox 1265 2605 1370 2652; x_wconf 87' lang='lat' dir='ltr'><strong>constal</strong></span> 
     </span>
     <span class='ocr_line' id='line_1_31' title="bbox 272 2675 1371 2746; baseline -0.002 -20"><span class='ocrx_word' id='word_1_301' title='bbox 272 2676 461 2742; x_wconf 67' lang='lat' dir='ltr'><strong>citexcqulas!</strong></span> <span class='ocrx_word' id='word_1_302' title='bbox 492 2677 659 2727; x_wconf 70' lang='lat' dir='ltr'><strong>vidctsm.</strong></span> <span class='ocrx_word' id='word_1_303' title='bbox 675 2675 803 2727; x_wconf 66' lang='lat' dir='ltr'><strong>Benefiv.</strong></span> <span class='ocrx_word' id='word_1_304' title='bbox 840 2697 874 2734; x_wconf 70' lang='lat' dir='ltr'><strong>ex</strong></span> <span class='ocrx_word' id='word_1_305' title='bbox 894 2681 1056 2746; x_wconf 71' lang='lat' dir='ltr'><strong>oppositione</strong></span> <span class='ocrx_word' id='word_1_306' title='bbox 1076 2678 1145 2730; x_wconf 64' lang='lat' dir='ltr'><strong>ruri!</strong></span> <span class='ocrx_word' id='word_1_307' title='bbox 1164 2676 1261 2726; x_wconf 66' lang='lat' dir='ltr'><strong>semel!</strong></span> <span class='ocrx_word' id='word_1_308' title='bbox 1293 2676 1371 2726; x_wconf 72' lang='lat' dir='ltr'><strong>Semel</strong></span> 
     </span>
     <span class='ocr_line' id='line_1_32' title="bbox 273 2752 1371 2814; baseline -0.003 -12"><span class='ocrx_word' id='word_1_309' title='bbox 273 2757 315 2802; x_wconf 75' lang='lat'><strong>20.</strong></span> <span class='ocrx_word' id='word_1_310' title='bbox 327 2767 360 2802; x_wconf 85' lang='grc' dir='ltr'><strong>ιιι.</strong></span> <span class='ocrx_word' id='word_1_311' title='bbox 380 2755 498 2804; x_wconf 71' lang='lat' dir='ltr'><strong>Laetam.</strong></span> <span class='ocrx_word' id='word_1_312' title='bbox 514 2752 580 2802; x_wconf 88' lang='lat' dir='ltr'><strong>lust.</strong></span> <span class='ocrx_word' id='word_1_313' title='bbox 601 2765 639 2802; x_wconf 81' lang='lat' dir='ltr'><strong>vt.</strong></span> <span class='ocrx_word' id='word_1_314' title='bbox 652 2757 691 2802; x_wconf 78' lang='lat' dir='ltr'><strong>tt.</strong></span> <span class='ocrx_word' id='word_1_315' title='bbox 727 2752 802 2800; x_wconf 82' lang='lat' dir='ltr'><strong>lianc</strong></span> <span class='ocrx_word' id='word_1_316' title='bbox 840 2761 996 2806; x_wconf 62' lang='lat' dir='ltr'><strong>meamus.</strong></span> <span class='ocrx_word' id='word_1_317' title='bbox 1013 2752 1308 2814; x_wconf 59' lang='lat' dir='ltr'><strong>emundandorum</strong></span> <span class='ocrx_word' id='word_1_318' title='bbox 1321 2768 1371 2803; x_wconf 79' lang='lat' dir='ltr'><strong>uua·</strong></span> 
     </span>
     <span class='ocr_line' id='line_1_33' title="bbox 271 2825 1371 2897; baseline -0.005 -19"><span class='ocrx_word' id='word_1_319' title='bbox 271 2828 459 2880; x_wconf 81' lang='lat' dir='ltr'><strong>humanitatem</strong></span> <span class='ocrx_word' id='word_1_320' title='bbox 470 2833 501 2878; x_wconf 89' lang='lat' dir='ltr'><strong>ut</strong></span> <span class='ocrx_word' id='word_1_321' title='bbox 512 2834 632 2878; x_wconf 88' lang='lat' dir='ltr'><strong>auctores</strong></span> <span class='ocrx_word' id='word_1_322' title='bbox 649 2827 694 2876; x_wconf 90' lang='lat' dir='ltr'><strong>alii</strong></span> <span class='ocrx_word' id='word_1_323' title='bbox 711 2825 803 2874; x_wconf 73' lang='grc' dir='ltr'><strong>*ιιιίιε-</strong></span> <span class='ocrx_word' id='word_1_324' title='bbox 840 2839 902 2884; x_wconf 67' lang='grc' dir='ltr'><strong>ιη..</strong></span> <span class='ocrx_word' id='word_1_325' title='bbox 912 2833 1025 2897; x_wconf 57' lang='lat' dir='ltr'><strong>flauaque</strong></span> <span class='ocrx_word' id='word_1_326' title='bbox 1043 2831 1094 2892; x_wconf 63' lang='lat' dir='ltr'><strong>eju</strong></span> <span class='ocrx_word' id='word_1_327' title='bbox 1110 2831 1220 2894; x_wconf 69' lang='lat' dir='ltr'><strong>pamla</strong></span> <span class='ocrx_word' id='word_1_328' title='bbox 1233 2829 1371 2894; x_wconf 55' lang='lat' dir='ltr'><strong>frequenta</strong></span> 
     </span>
     <span class='ocr_line' id='line_1_34' title="bbox 272 2899 1371 2972; baseline -0.003 -18"><span class='ocrx_word' id='word_1_329' title='bbox 272 2904 445 2958; x_wconf 81' lang='lat' dir='ltr'><strong>ricordite’ac</strong></span> <span class='ocrx_word' id='word_1_330' title='bbox 463 2902 606 2968; x_wconf 65' lang='lat' dir='ltr'><strong>‘pictatia&#39;</strong></span> <span class='ocrx_word' id='word_1_331' title='bbox 625 2903 663 2952; x_wconf 90' lang='lat' dir='ltr'><strong>ita</strong></span> <span class='ocrx_word' id='word_1_332' title='bbox 681 2899 804 2966; x_wconf 67' lang='lat' dir='ltr'><strong>capituli·</strong></span> <span class='ocrx_word' id='word_1_333' title='bbox 840 2910 1003 2958; x_wconf 50' lang='lat' dir='ltr'><strong>mamm,</strong></span> <span class='ocrx_word' id='word_1_334' title='bbox 1032 2907 1120 2956; x_wconf 63' lang='lat' dir='ltr'><strong>Grac.</strong></span> <span class='ocrx_word' id='word_1_335' title='bbox 1162 2908 1170 2933; x_wconf 88' lang='lat'>‘</span> <span class='ocrx_word' id='word_1_336' title='bbox 1197 2905 1274 2972; x_wconf 69' lang='lat' dir='ltr'><strong>Neq!</strong></span> <span class='ocrx_word' id='word_1_337' title='bbox 1300 2906 1371 2958; x_wconf 76' lang='lat' dir='ltr'><strong>idem</strong></span> 
     </span>
     <span class='ocr_line' id='line_1_35' title="bbox 273 2978 1372 3049; baseline 0.001 -17"><span class='ocrx_word' id='word_1_338' title='bbox 273 2994 321 3032; x_wconf 83' lang='lat' dir='ltr'><strong>uus</strong></span> <span class='ocrx_word' id='word_1_339' title='bbox 333 2981 359 3032; x_wconf 93' lang='lat' dir='ltr'><strong>iu</strong></span> <span class='ocrx_word' id='word_1_340' title='bbox 370 2981 408 3032; x_wconf 76' lang='lat' dir='ltr'><strong>tlt.</strong></span> <span class='ocrx_word' id='word_1_341' title='bbox 419 2979 551 3030; x_wconf 79' lang='lat' dir='ltr'><strong>Antonino</strong></span> <span class='ocrx_word' id='word_1_342' title='bbox 570 2978 727 3042; x_wconf 82' lang='lat' dir='ltr'><strong>Philosopho</strong></span> <span class='ocrx_word' id='word_1_343' title='bbox 743 2991 803 3040; x_wconf 85' lang='lat' dir='ltr'><strong>eap.</strong></span> <span class='ocrx_word' id='word_1_344' title='bbox 841 2985 913 3034; x_wconf 79' lang='lat' dir='ltr'><strong>ualet</strong></span> <span class='ocrx_word' id='word_1_345' title='bbox 930 2983 1009 3049; x_wconf 88' lang='lat' dir='ltr'><strong>quod,</strong></span> <span class='ocrx_word' id='word_1_346' title='bbox 1028 2983 1118 3033; x_wconf 86' lang='lat' dir='ltr'><strong>snultis</strong></span> <span class='ocrx_word' id='word_1_347' title='bbox 1135 2983 1319 3046; x_wconf 75' lang='lat' dir='ltr'><strong>praesentibus.</strong></span> <span class='ocrx_word' id='word_1_348' title='bbox 1342 2989 1372 3034; x_wconf 92' lang='lat' dir='ltr'><strong>ut</strong></span> 
     </span>
     <span class='ocr_line' id='line_1_36' title="bbox 274 3054 1370 3126; baseline -0.004 -18"><span class='ocrx_word' id='word_1_349' title='bbox 274 3061 315 3108; x_wconf 76' lang='lat' dir='ltr'><strong>ll.</strong></span> <span class='ocrx_word' id='word_1_350' title='bbox 329 3055 507 3109; x_wconf 82' lang='lat' dir='ltr'><strong>‘clementiae’</strong></span> <span class='ocrx_word' id='word_1_351' title='bbox 524 3055 651 3106; x_wconf 82' lang='lat' dir='ltr'><strong>vocabulo</strong></span> <span class='ocrx_word' id='word_1_352' title='bbox 667 3054 803 3118; x_wconf 74' lang='lat' dir='ltr'><strong>deaignatt</strong></span> <span class='ocrx_word' id='word_1_353' title='bbox 840 3061 1047 3126; x_wconf 70' lang='grc' dir='ltr'><strong>ιηιοφηιωιιιι</strong></span> <span class='ocrx_word' id='word_1_354' title='bbox 1067 3057 1141 3109; x_wconf 74' lang='lat' dir='ltr'><strong>Arae</strong></span> <span class='ocrx_word' id='word_1_355' title='bbox 1164 3072 1223 3123; x_wconf 84' lang='lat' dir='ltr'><strong>cap.</strong></span> <span class='ocrx_word' id='word_1_356' title='bbox 1242 3061 1284 3109; x_wconf 81' lang='lat' dir='ltr'><strong>tt.</strong></span> <span class='ocrx_word' id='word_1_357' title='bbox 1305 3057 1370 3108; x_wconf 75' lang='lat' dir='ltr'><strong>Otus.</strong></span> 
     </span>
     <span class='ocr_line' id='line_1_37' title="bbox 271 3129 1372 3202; baseline 0.003 -18"><span class='ocrx_word' id='word_1_358' title='bbox 271 3133 279 3160; x_wconf 89' lang='lat'>‘</span> <span class='ocrx_word' id='word_1_359' title='bbox 300 3133 437 3198; x_wconf 86' lang='lat' dir='ltr'><strong>Tantaque</strong></span> <span class='ocrx_word' id='word_1_360' title='bbox 457 3132 598 3183; x_wconf 85' lang='lat' dir='ltr'><strong>clementia</strong></span> <span class='ocrx_word' id='word_1_361' title='bbox 618 3130 688 3193; x_wconf 78' lang='lat' dir='ltr'><strong>init,&#39;</strong></span> <span class='ocrx_word' id='word_1_362' title='bbox 711 3129 805 3195; x_wconf 84' lang='lat' dir='ltr'><strong>iuquit,</strong></span> <span class='ocrx_word' id='word_1_363' title='bbox 841 3136 976 3202; x_wconf 66' lang='lat' dir='ltr'><strong>tutoript.</strong></span> <span class='ocrx_word' id='word_1_364' title='bbox 996 3136 1068 3186; x_wconf 76' lang='lat' dir='ltr'><strong>Eos-l.</strong></span> <span class='ocrx_word' id='word_1_365' title='bbox 1084 3151 1111 3200; x_wconf 90' lang='lat' dir='ltr'><strong>p.</strong></span> <span class='ocrx_word' id='word_1_366' title='bbox 1124 3136 1372 3186; x_wconf 78' lang='lat' dir='ltr'><strong>itt.et‘1¹enunttus</strong></span> 
     </span>
     <span class='ocr_line' id='line_1_38' title="bbox 272 3204 1371 3274; baseline 0.002 -16"><span class='ocrx_word' id='word_1_367' title='bbox 272 3207 281 3238; x_wconf 76' lang='lat'>⁸</span> <span class='ocrx_word' id='word_1_368' title='bbox 294 3215 323 3260; x_wconf 91' lang='lat' dir='ltr'><strong>ut</strong></span> <span class='ocrx_word' id='word_1_369' title='bbox 333 3215 361 3263; x_wconf 84' lang='lat' dir='ltr'><strong>et</strong></span> <span class='ocrx_word' id='word_1_370' title='bbox 370 3214 476 3273; x_wconf 84' lang='lat' dir='ltr'><strong>sumptu</strong></span> <span class='ocrx_word' id='word_1_371' title='bbox 489 3207 592 3272; x_wconf 91' lang='lat' dir='ltr'><strong>publico</strong></span> <span class='ocrx_word' id='word_1_372' title='bbox 605 3207 721 3272; x_wconf 72' lang='lat' dir='ltr'><strong>uulgaria</strong></span> <span class='ocrx_word' id='word_1_373' title='bbox 731 3204 806 3258; x_wconf 80' lang='lat' dir='ltr'><strong>fune.</strong></span> <span class='ocrx_word' id='word_1_374' title='bbox 842 3213 876 3264; x_wconf 86' lang='lat' dir='ltr'><strong>ad</strong></span> <span class='ocrx_word' id='word_1_375' title='bbox 887 3213 1005 3263; x_wconf 75' lang='lat' dir='ltr'><strong>Frontin.</strong></span> <span class='ocrx_word' id='word_1_376' title='bbox 1017 3213 1097 3261; x_wconf 84' lang='lat' dir='ltr'><strong>strat.</strong></span> <span class='ocrx_word' id='word_1_377' title='bbox 1109 3223 1152 3262; x_wconf 91' lang='grc' dir='ltr'><strong>ιιι.</strong></span> <span class='ocrx_word' id='word_1_378' title='bbox 1168 3213 1194 3260; x_wconf 74' lang='grc'><strong>9.</strong></span> <span class='ocrx_word' id='word_1_379' title='bbox 1212 3215 1238 3262; x_wconf 73' lang='lat'><strong>2.</strong></span> <span class='ocrx_word' id='word_1_380' title='bbox 1251 3212 1302 3274; x_wconf 86' lang='lat' dir='ltr'><strong>rel,</strong></span> <span class='ocrx_word' id='word_1_381' title='bbox 1312 3225 1371 3260; x_wconf 88' lang='lat' dir='ltr'><strong>cum</strong></span> 
     </span>
     <span class='ocr_line' id='line_1_39' title="bbox 274 3281 1372 3355; baseline -0.003 -15"><span class='ocrx_word' id='word_1_382' title='bbox 274 3298 305 3334; x_wconf 75' lang='lat' dir='ltr'><strong>rt</strong></span> <span class='ocrx_word' id='word_1_383' title='bbox 312 3285 420 3348; x_wconf 64' lang='lat' dir='ltr'><strong>iuberet</strong></span> <span class='ocrx_word' id='word_1_384' title='bbox 430 3281 535 3334; x_wconf 60' lang='lat' dir='ltr'><strong>efferri!</strong></span> <span class='ocrx_word' id='word_1_385' title='bbox 551 3283 627 3340; x_wconf 72' lang='lat' dir='ltr'><strong>Bm·</strong></span> <span class='ocrx_word' id='word_1_386' title='bbox 842 3289 943 3354; x_wconf 75' lang='lat' dir='ltr'><strong>ingenti</strong></span> <span class='ocrx_word' id='word_1_387' title='bbox 954 3287 1109 3354; x_wconf 81' lang='lat' dir='ltr'><strong>frequentia¹</strong></span> <span class='ocrx_word' id='word_1_388' title='bbox 1119 3285 1249 3355; x_wconf 82' lang='lat' dir='ltr'><strong>quomodo</strong></span> <span class='ocrx_word' id='word_1_389' title='bbox 1260 3285 1372 3350; x_wconf 82' lang='lat' dir='ltr'><strong>loquitur</strong></span> 
     </span>
     <span class='ocr_line' id='line_1_40' title="bbox 308 3358 1372 3426; baseline -0.011 -6"><span class='ocrx_word' id='word_1_390' title='bbox 308 3364 348 3426; x_wconf 69' lang='lat'><strong>§⁷</strong></span> <span class='ocrx_word' id='word_1_391' title='bbox 367 3361 486 3423; x_wconf 58' lang='lat' dir='ltr'><strong>1³5⁸th</strong></span> <span class='ocrx_word' id='word_1_392' title='bbox 496 3360 546 3420; x_wconf 76' lang='lat' dir='ltr'><strong>tir·</strong></span> <span class='ocrx_word' id='word_1_393' title='bbox 554 3359 677 3423; x_wconf 69' lang='lat' dir='ltr'><strong>Wwitt]</strong></span> <span class='ocrx_word' id='word_1_394' title='bbox 689 3358 740 3414; x_wconf 79' lang='lat' dir='ltr'><strong>Qui</strong></span> <span class='ocrx_word' id='word_1_395' title='bbox 748 3370 806 3424; x_wconf 72' lang='lat' dir='ltr'><strong>pltr-</strong></span> <span class='ocrx_word' id='word_1_396' title='bbox 842 3367 951 3416; x_wconf 89' lang='lat' dir='ltr'><strong>Petron.</strong></span> <span class='ocrx_word' id='word_1_397' title='bbox 962 3369 1004 3414; x_wconf 81' lang='lat' dir='ltr'><strong>oo.</strong></span> <span class='ocrx_word' id='word_1_398' title='bbox 1021 3365 1030 3392; x_wconf 84' lang='lat'>‘</span> <span class='ocrx_word' id='word_1_399' title='bbox 1041 3363 1118 3414; x_wconf 88' lang='lat' dir='ltr'><strong>luter</strong></span> <span class='ocrx_word' id='word_1_400' title='bbox 1128 3363 1185 3412; x_wconf 75' lang='lat' dir='ltr'><strong>linc</strong></span> <span class='ocrx_word' id='word_1_401' title='bbox 1202 3360 1307 3412; x_wconf 84' lang='lat' dir='ltr'><strong>triclinii</strong></span> <span class='ocrx_word' id='word_1_402' title='bbox 1320 3360 1372 3409; x_wconf 88' lang='lat' dir='ltr'><strong>ral-</strong></span> 
     </span>
     <span class='ocr_line' id='line_1_41' title="bbox 274 3434 1372 3504; baseline -0.005 -13"><span class='ocrx_word' id='word_1_403' title='bbox 274 3438 336 3486; x_wconf 66' lang='grc' dir='ltr'><strong>σὼ</strong></span> <span class='ocrx_word' id='word_1_404' title='bbox 356 3441 497 3500; x_wconf 79' lang='lat' dir='ltr'><strong>potuerant</strong></span> <span class='ocrx_word' id='word_1_405' title='bbox 515 3434 577 3498; x_wconf 73' lang='lat' dir='ltr'><strong>dici,</strong></span> <span class='ocrx_word' id='word_1_406' title='bbox 594 3449 653 3485; x_wconf 79' lang='lat' dir='ltr'><strong>cum</strong></span> <span class='ocrx_word' id='word_1_407' title='bbox 671 3434 806 3486; x_wconf 73' lang='lat' dir='ltr'><strong>‘tdttllu&#39;</strong></span> <span class='ocrx_word' id='word_1_408' title='bbox 843 3455 887 3491; x_wconf 88' lang='lat' dir='ltr'><strong>ras</strong></span> <span class='ocrx_word' id='word_1_409' title='bbox 896 3439 1121 3504; x_wconf 81' lang='lat' dir='ltr'><strong>lictorpercussit,</strong></span> <span class='ocrx_word' id='word_1_410' title='bbox 1129 3437 1290 3502; x_wconf 84' lang='lat' dir='ltr'><strong>amictusque</strong></span> <span class='ocrx_word' id='word_1_411' title='bbox 1298 3443 1372 3486; x_wconf 80' lang='lat' dir='ltr'><strong>uasto</strong></span> 
     </span>
     <span class='ocr_line' id='line_1_42' title="bbox 274 3507 1374 3580; baseline -0.006 -11"><span class='ocrx_word' id='word_1_412' title='bbox 274 3509 345 3560; x_wconf 60' lang='lat' dir='ltr'><strong>dim!</strong></span> <span class='ocrx_word' id='word_1_413' title='bbox 366 3509 482 3569; x_wconf 72' lang='lat' dir='ltr'><strong>crudus,</strong></span> <span class='ocrx_word' id='word_1_414' title='bbox 501 3510 657 3560; x_wconf 64' lang='lat' dir='ltr'><strong>Plulmhll</strong></span> <span class='ocrx_word' id='word_1_415' title='bbox 677 3507 807 3572; x_wconf 55' lang='grc' dir='ltr'><strong>Μίνω</strong></span> <span class='ocrx_word' id='word_1_416' title='bbox 843 3517 903 3569; x_wconf 84' lang='lat' dir='ltr'><strong>elba</strong></span> <span class='ocrx_word' id='word_1_417' title='bbox 914 3529 973 3566; x_wconf 82' lang='lat' dir='ltr'><strong>enus</strong></span> <span class='ocrx_word' id='word_1_418' title='bbox 985 3515 1039 3580; x_wconf 74' lang='lat' dir='ltr'><strong>ing.</strong></span> <span class='ocrx_word' id='word_1_419' title='bbox 1056 3514 1124 3579; x_wconf 81' lang='lat' dir='ltr'><strong>freq.</strong></span> <span class='ocrx_word' id='word_1_420' title='bbox 1133 3513 1284 3564; x_wconf 83' lang='lat' dir='ltr'><strong>comissator</strong></span> <span class='ocrx_word' id='word_1_421' title='bbox 1294 3513 1374 3563; x_wconf 88' lang='lat' dir='ltr'><strong>intra·</strong></span> 
     </span>
     <span class='ocr_line' id='line_1_43' title="bbox 275 3583 1372 3654; baseline 0.004 -20"><span class='ocrx_word' id='word_1_422' title='bbox 275 3583 409 3649; x_wconf 60' lang='lat' dir='ltr'><strong>audianus,</strong></span> <span class='ocrx_word' id='word_1_423' title='bbox 428 3599 536 3649; x_wconf 87' lang='lat' dir='ltr'><strong>quarum</strong></span> <span class='ocrx_word' id='word_1_424' title='bbox 552 3585 714 3646; x_wconf 81' lang='lat' dir='ltr'><strong>alterutrum,</strong></span> <span class='ocrx_word' id='word_1_425' title='bbox 728 3600 806 3648; x_wconf 85' lang='lat' dir='ltr'><strong>quant</strong></span> <span class='ocrx_word' id='word_1_426' title='bbox 842 3590 899 3641; x_wconf 51' lang='lat' dir='ltr'><strong>rit?</strong></span> <span class='ocrx_word' id='word_1_427' title='bbox 932 3587 1372 3654; x_wconf 79' lang='lat' dir='ltr'><strong>idetiarueaaseaodiosfreqsentie</strong></span> 
     </span>
     <span class='ocr_line' id='line_1_44' title="bbox 276 3659 1373 3732; baseline -0.001 -22"><span class='ocrx_word' id='word_1_428' title='bbox 276 3660 394 3712; x_wconf 74' lang='lat' dir='ltr'><strong>nimitum</strong></span> <span class='ocrx_word' id='word_1_429' title='bbox 420 3661 530 3724; x_wconf 69' lang='lat' dir='ltr'><strong>eligeret</strong></span> <span class='ocrx_word' id='word_1_430' title='bbox 560 3660 627 3724; x_wconf 72' lang='lat' dir='ltr'><strong>ipte,</strong></span> <span class='ocrx_word' id='word_1_431' title='bbox 654 3659 807 3711; x_wconf 67' lang='lat' dir='ltr'><strong>Alexandro</strong></span> <span class='ocrx_word' id='word_1_432' title='bbox 842 3669 920 3732; x_wconf 72' lang='lat' dir='ltr'><strong>dixit,</strong></span> <span class='ocrx_word' id='word_1_433' title='bbox 940 3672 982 3720; x_wconf 71' lang='grc'><strong>91,</strong></span> <span class='ocrx_word' id='word_1_434' title='bbox 1008 3667 1121 3718; x_wconf 69' lang='lat' dir='ltr'><strong>‘Intrat</strong></span> <span class='ocrx_word' id='word_1_435' title='bbox 1137 3667 1268 3718; x_wconf 71' lang='lat' dir='ltr'><strong>stabulum</strong></span> <span class='ocrx_word' id='word_1_436' title='bbox 1287 3681 1373 3732; x_wconf 67' lang='lat' dir='ltr'><strong>pmcn</strong></span> 
     </span>
     <span class='ocr_line' id='line_1_45' title="bbox 277 3735 1374 3808; baseline 0.006 -23"><span class='ocrx_word' id='word_1_437' title='bbox 277 3736 375 3785; x_wconf 85' lang='lat' dir='ltr'><strong>Darius</strong></span> <span class='ocrx_word' id='word_1_438' title='bbox 383 3735 487 3798; x_wconf 90' lang='lat' dir='ltr'><strong>obtulit,</strong></span> <span class='ocrx_word' id='word_1_439' title='bbox 496 3743 525 3786; x_wconf 90' lang='lat' dir='ltr'><strong>ut</strong></span> <span class='ocrx_word' id='word_1_440' title='bbox 536 3735 683 3786; x_wconf 84' lang='lat' dir='ltr'><strong>observarit</strong></span> <span class='ocrx_word' id='word_1_441' title='bbox 694 3736 807 3800; x_wconf 84' lang='lat' dir='ltr'><strong>ampliss.</strong></span> <span class='ocrx_word' id='word_1_442' title='bbox 843 3757 902 3794; x_wconf 89' lang='lat' dir='ltr'><strong>cum</strong></span> <span class='ocrx_word' id='word_1_443' title='bbox 912 3757 988 3794; x_wconf 81' lang='lat' dir='ltr'><strong>serto</strong></span> <span class='ocrx_word' id='word_1_444' title='bbox 999 3743 1104 3808; x_wconf 84' lang='lat' dir='ltr'><strong>publicu</strong></span> <span class='ocrx_word' id='word_1_445' title='bbox 1119 3742 1221 3808; x_wconf 84' lang='lat' dir='ltr'><strong>aliaque</strong></span> <span class='ocrx_word' id='word_1_446' title='bbox 1232 3757 1293 3794; x_wconf 86' lang='lat' dir='ltr'><strong>sane</strong></span> <span class='ocrx_word' id='word_1_447' title='bbox 1305 3742 1374 3793; x_wconf 90' lang='lat' dir='ltr'><strong>mod.</strong></span> 
     </span>
     <span class='ocr_line' id='line_1_46' title="bbox 278 3809 884 3874; baseline -0.003 -12"><span class='ocrx_word' id='word_1_448' title='bbox 278 3810 318 3862; x_wconf 81' lang='lat' dir='ltr'><strong>vir</strong></span> <span class='ocrx_word' id='word_1_449' title='bbox 336 3811 475 3864; x_wconf 84' lang='lat' dir='ltr'><strong>(liebertus</strong></span> <span class='ocrx_word' id='word_1_450' title='bbox 493 3811 610 3874; x_wconf 82' lang='lat' dir='ltr'><strong>Capetus</strong></span> <span class='ocrx_word' id='word_1_451' title='bbox 630 3809 697 3860; x_wconf 83' lang='lat' dir='ltr'><strong>Oba.</strong></span> <span class='ocrx_word' id='word_1_452' title='bbox 709 3823 746 3861; x_wconf 87' lang='lat' dir='ltr'><strong>tv.</strong></span> <span class='ocrx_word' id='word_1_453' title='bbox 767 3816 808 3860; x_wconf 82' lang='grc' dir='ltr'><strong>ιο.</strong></span> <span class='ocrx_word' id='word_1_454' title='bbox 843 3819 884 3870; x_wconf 65' lang='lat' dir='ltr'><strong>ss:</strong></span> 
     </span>
    </p>
   </div>
   <div class='ocr_carea' id='block_1_5' title="bbox 276 3887 1375 4037">
    <p class='ocr_par' dir='ltr' id='par_1_6' title="bbox 276 3887 1375 4037">
     <span class='ocr_line' id='line_1_47' title="bbox 277 3887 1374 3961; baseline 0.007 -21"><span class='ocrx_word' id='word_1_455' title='bbox 277 3887 618 3949; x_wconf 64' lang='lat' dir='ltr'><strong>censonuauttuuiaun</strong></span> <span class='ocrx_word' id='word_1_456' title='bbox 638 3901 745 3951; x_wconf 83' lang='lat' dir='ltr'><strong>errasse,</strong></span> <span class='ocrx_word' id='word_1_457' title='bbox 762 3894 808 3939; x_wconf 87' lang='lat' dir='ltr'><strong>aut</strong></span> <span class='ocrx_word' id='word_1_458' title='bbox 876 3897 1089 3961; x_wconf 69' lang='lat' dir='ltr'><strong>§tornansque</strong></span> <span class='ocrx_word' id='word_1_459' title='bbox 1106 3895 1153 3946; x_wconf 82' lang='lat' dir='ltr'><strong>sili</strong></span> <span class='ocrx_word' id='word_1_460' title='bbox 1170 3895 1230 3958; x_wconf 82' lang='lat' dir='ltr'><strong>ease]</strong></span> <span class='ocrx_word' id='word_1_461' title='bbox 1256 3896 1374 3948; x_wconf 80' lang='lat' dir='ltr'><strong>Quonam</strong></span> 
     </span>
     <span class='ocr_line' id='line_1_48' title="bbox 276 3962 1375 4037; baseline 0 -25"><span class='ocrx_word' id='word_1_462' title='bbox 276 3965 395 4016; x_wconf 82' lang='lat' dir='ltr'><strong>librarios</strong></span> <span class='ocrx_word' id='word_1_463' title='bbox 405 3965 538 4025; x_wconf 84' lang='lat' dir='ltr'><strong>oscitasse,</strong></span> <span class='ocrx_word' id='word_1_464' title='bbox 546 3971 575 4013; x_wconf 88' lang='lat' dir='ltr'><strong>et</strong></span> <span class='ocrx_word' id='word_1_465' title='bbox 583 3962 677 4013; x_wconf 71' lang='lat' dir='ltr'><strong>fredam</strong></span> <span class='ocrx_word' id='word_1_466' title='bbox 689 3965 808 4014; x_wconf 81' lang='lat' dir='ltr'><strong>urendam</strong></span> <span class='ocrx_word' id='word_1_467' title='bbox 843 3974 894 4025; x_wconf 61' lang='lat' dir='ltr'><strong>tm</strong></span> <span class='ocrx_word' id='word_1_468' title='bbox 905 3971 1060 4026; x_wconf 53' lang='lat' dir='ltr'><strong>“suenda</strong></span> <span class='ocrx_word' id='word_1_469' title='bbox 1075 3985 1137 4024; x_wconf 66' lang='lat' dir='ltr'><strong>num</strong></span> <span class='ocrx_word' id='word_1_470' title='bbox 1148 3974 1181 4023; x_wconf 67' lang='lat' dir='ltr'><strong>,d</strong></span> <span class='ocrx_word' id='word_1_471' title='bbox 1189 3972 1307 4037; x_wconf 55' lang='lat' dir='ltr'><strong>‚aperius</strong></span> <span class='ocrx_word' id='word_1_472' title='bbox 1316 3973 1324 4000; x_wconf 67' lang='lat' dir='ltr'><strong>t</strong></span> <span class='ocrx_word' id='word_1_473' title='bbox 1333 3986 1375 4021; x_wconf 73' lang='grc' dir='ltr'><strong>η.</strong></span> 
     </span>
    </p>
   </div>
   <div class='ocr_carea' id='block_1_6' title="bbox 277 4040 1486 4116">
    <p class='ocr_par' dir='ltr' id='par_1_7' title="bbox 277 4040 1486 4116">
     <span class='ocr_line' id='line_1_49' title="bbox 277 4040 1486 4116; baseline 0.002 -24"><span class='ocrx_word' id='word_1_474' title='bbox 277 4041 338 4093; x_wconf 84' lang='lat' dir='ltr'><strong>liuic</strong></span> <span class='ocrx_word' id='word_1_475' title='bbox 352 4043 411 4094; x_wconf 81' lang='lat' dir='ltr'><strong>loeo</strong></span> <span class='ocrx_word' id='word_1_476' title='bbox 421 4040 589 4105; x_wconf 81' lang='lat' dir='ltr'><strong>adspersisse,</strong></span> <span class='ocrx_word' id='word_1_477' title='bbox 599 4040 732 4091; x_wconf 79' lang='lat' dir='ltr'><strong>lustinum</strong></span> <span class='ocrx_word' id='word_1_478' title='bbox 746 4057 808 4092; x_wconf 81' lang='lat' dir='ltr'><strong>reru</strong></span> <span class='ocrx_word' id='word_1_479' title='bbox 844 4050 911 4104; x_wconf 55' lang='lat' dir='ltr'><strong>ma?</strong></span> <span class='ocrx_word' id='word_1_480' title='bbox 927 4053 965 4102; x_wconf 68' lang='lat' dir='ltr'><strong>aie</strong></span> <span class='ocrx_word' id='word_1_481' title='bbox 976 4066 1039 4102; x_wconf 70' lang='lat' dir='ltr'><strong>sane</strong></span> <span class='ocrx_word' id='word_1_482' title='bbox 1060 4051 1176 4116; x_wconf 82' lang='lat' dir='ltr'><strong>pnatuulat</strong></span> <span class='ocrx_word' id='word_1_483' title='bbox 1194 4047 1261 4098; x_wconf 80' lang='lat' dir='ltr'><strong>uallo</strong></span> <span class='ocrx_word' id='word_1_484' title='bbox 1277 4061 1375 4097; x_wconf 85' lang='lat' dir='ltr'><strong>senno-</strong></span> <span class='ocrx_word' id='word_1_485' title='bbox 1482 4041 1486 4048; x_wconf 84' lang='lat'>&#39;</span> 
     </span>
    </p>
   </div>
   <div class='ocr_carea' id='block_1_7' title="bbox 277 4116 1374 4186">
    <p class='ocr_par' dir='ltr' id='par_1_8' title="bbox 277 4116 1374 4186">
     <span class='ocr_line' id='line_1_50' title="bbox 277 4116 1374 4186; baseline -0.005 -8"><span class='ocrx_word' id='word_1_486' title='bbox 277 4117 428 4186; x_wconf 56' lang='lat' dir='ltr'><strong>mittive:</strong></span> <span class='ocrx_word' id='word_1_487' title='bbox 444 4116 809 4185; x_wconf 61' lang='lat' dir='ltr'><strong>Mffllfflrfiilt&#39;rffll*</strong></span> <span class='ocrx_word' id='word_1_488' title='bbox 844 4129 897 4182; x_wconf 85' lang='lat' dir='ltr'><strong>nis:</strong></span> <span class='ocrx_word' id='word_1_489' title='bbox 923 4120 1099 4180; x_wconf 83' lang='lat' dir='ltr'><strong>at&#39;scuteutia</strong></span> <span class='ocrx_word' id='word_1_490' title='bbox 1120 4133 1162 4176; x_wconf 89' lang='lat' dir='ltr'><strong>ast</strong></span> <span class='ocrx_word' id='word_1_491' title='bbox 1181 4124 1260 4174; x_wconf 85' lang='lat' dir='ltr'><strong>nulla.</strong></span> <span class='ocrx_word' id='word_1_492' title='bbox 1303 4121 1374 4175; x_wconf 81' lang='lat' dir='ltr'><strong>Quid</strong></span> 
     </span>
    </p>
   </div>
   <div class='ocr_carea' id='block_1_8' title="bbox 0 0 1610 4909">
    <p class='ocr_par' dir='ltr' id='par_1_9' title="bbox 0 0 1610 4909">
     <span class='ocr_line' id='line_1_51' title="bbox 0 0 1610 4909; baseline 0 0"><span class='ocrx_word' id='word_1_493' title='bbox 0 0 1610 4909; x_wconf 95' lang='lat' dir='ltr'><strong> </strong></span> 
     </span>
    </p>
   </div>
  </div>
 </body>
</html>
